@Article{Mennes2013,
   Author="Mennes, M.  and Biswal, B. B.  and Castellanos, F. X.  and Milham, M. P. ",
   Title="{{M}aking data sharing work: the {F}{C}{P}/{I}{N}{D}{I} experience}",
   Journal="Neuroimage",
   Year="2013",
   Volume="82",
   Pages="683--691",
   Month="Nov"
}

@Article{Kundu2015,
   Author="Kundu, P.  and Benson, B. E.  and Baldwin, K. L.  and Rosen, D.  and Luh, W. M.  and Bandettini, P. A.  and Pine, D. S.  and Ernst, M. ",
   Title="{{R}obust resting state f{M}{R}{I} processing for studies on typical brain development based on multi-echo {E}{P}{I} acquisition}",
   Journal="Brain Imaging Behav",
   Year="2015",
   Volume="9",
   Number="1",
   Pages="56--73",
   Month="Mar"
}

@misc{villringer2013method,
  title={Method of visualization of tissue perfusion by means of assessing BOLD signal fluctuations, an apparatus therefor and the use thereof},
  author={Margulies, Daniel and LV, Yating and {\textbf{R. Cameron}} {\textbf{Craddock}} and Villringer, Arno},
  year={2013},
  month="Jun",
  note={US Patent 20,130,144,154}
}
