
% This file was created with JabRef 2.7.2.
% Encoding: Cp1252

@ARTICLE{paperCraddock2009,
  author = {{\textbf{R. Cameron}} {\textbf{Craddock}} and Paul E. Holtzheimer
	and Xiaoping P. Hu and Helen S. Mayberg},
   Title="{{D}isease state prediction from resting state functional connectivity}",
   Journal="Magnetic Resonance in Medicine",
   Year="2009",
   Volume="62",
   Number="6",
   Pages="1619--1628",
   Month="Dec",
   Note={[\href{http://dx.doi.org/10.1002/mrm.22159}{DOI:10.1002/mrm.22159}] [\href{http://www.ncbi.nlm.nih.gov/pubmed/19859933}{PMID:19859933}] \textcolor{richgreen}{[\href{http://www.ncbi.nlm.nih.gov/pmc/articles/PMC3749911}{Open Access}]}}
}

@Article{paperCraddock2012,
   Author="{\textbf{R. Cameron}} {\textbf{Craddock}}  and G. Andrew James and
       Paul E. Holtzheimer and Xiaoping P. Hu and Helen S. Mayberg",
   Title="{{A} whole brain f{M}{R}{I} atlas generated via spatially constrained spectral clustering}",
   Journal="Human Brain Mapping",
   Year="2012",
   Volume="33",
   Number="8",
   Pages="1914--1928",
   Month="Aug",
   Note={[\href{http://dx.doi.org/10.1002/hbm.21333}{DOI:10.1002/hbm.21333}] [\href{http://www.ncbi.nlm.nih.gov/pubmed/21769991}{PMID:21769991}] \textcolor{richgreen}{[\href{http://www.ncbi.nlm.nih.gov/pmc/articles/PMC3838923}{Open Access}]} \textcolor{richorange}{[\href{http://ccraddock.github.io/cluster_roi/}{Open Source}]}}
}

% 23707580
@Article{paperCraddock2013,
   Author="\textbf{Craddock}, \textbf{R. Cameron} and Milham, Michael P. and LaConte, Stephen M.",
   Title="{{P}redicting intrinsic brain activity}",
   Journal="Neuro{I}mage",
   Year="2013",
   Volume="82",
   Pages="127--136",
   Month="Nov",
   Note={[\href{http://dx.doi.org/10.1016/j.neuroimage.2013.05.072}{DOI:10.1016/j.neuroimage.2013.05.072}] [\href{http://www.ncbi.nlm.nih.gov/pubmed/23707580}{PMID:23707580}] }
}
%\textcolor{richgreen}{[\href{https://www.researchgate.net/profile/Cameron_Craddock/publication/236938726_Predicting_intrinsic_brain_activity/links/0deec53bf03fc9cc0e000000?origin=publication_detail}{Open Access}]}

% 23722212
@Article{paperCraddock2013a,
   Author="\textbf{Craddock}, \textbf{R. Cameron} and Jbabdi, Saad and Yan, Chao-Gan and Vogelstein, Joshua and Castellanos, F. Xavier and Di Martino, Adriana and Kelly, Clare and Heberlein, Keith and Colcombe, Stan and Milham, Michael P.",
   Title="{{I}maging human connectomes at the macroscale}",
   Journal="Nature Methods",
   Year="2013",
   Volume="10",
   Number="6",
   Pages="524--539",
   Month="Jun",
   Note={[\href{http://dx.doi.org/10.1038/nmeth.2482}{DOI:10.1038/nmeth.2482}] [\href{http://www.ncbi.nlm.nih.gov/pubmed/23722212}{PMID:23722212}] \textcolor{richgreen}{[\href{http://www.ncbi.nlm.nih.gov/pmc/articles/PMC4096321}{Open Access}]}}
}

@article{Craddock2015,
    author = {{\textbf{R. Cameron}} {\textbf{Craddock}} and Tungaraza, Rosalia L and Milham, Michael P},
    doi = {10.1186/s13742-015-0045-x},
    issn = {2047-217X},
    journal = {GigaScience},
    language = {en},
    month = mar,
    number = {1},
    pages = {13},
    volume = {4},
    year = {2015},
    publisher = {BioMed Central Ltd},
    title = {{Connectomics and new approaches for analyzing human brain functional connectivity}},
    url = {http://www.gigasciencejournal.com/content/4/1/13},
    Note={ [\href{http://dx.doi.org/10.1186/s13742-015-0045-x}{DOI:10.1186/s13742-015-0045-x}]
	       [\href{http://www.ncbi.nlm.nih.gov/pubmed/25810900}{PMID:25810900}]
			\textcolor{richgreen}{[\href{http://www.gigasciencejournal.com/content/4/1/13}{Open Access}]}}
}

@INPROCEEDINGS{absCraddock2013INCFa,
title={Towards Automated Analysis of Connectomes: The {C}onÔ¨Ågurable {P}ipeline
    for the {A}nalysis of {C}onnectomes},
author = {{\textbf{R. Cameron}} {\textbf{Craddock}} and Sharad Sikka and
          Brian Cheung and Ranjit Khanuja and Satra Ghosh and Chao-Gan YAN and
          Qingyang Li and Daniel Lurie and Joshua Vogelstein and Randal Burns
	  and Stan Colcombe and Maarten Mennes and Clare Kelly Adriana Di Martino
	   and F. Xavier Castellanos and Michael Milham},
  booktitle = {Neuroinformatics 2013, Stockholm, Sweden},
  year = {2013},
  address = {Stockholm, Sweden},
  owner = {Richard Craddock},
  Note={ [\href{http://dx.doi.org/10.3389/conf.fninf.2013.09.00042}{DOI:10.3389/conf.fninf.2013.09.00042}]
    \textcolor{richgreen}{[\href{http://fcp-indi.github.io/}{Open Source}]}}
}
