@ARTICLE{paperCraddock2006,
  author = {{\textbf{R. Cameron}} {\textbf{Craddock}} and Renee Taylor and Gordon
	Broderick and Toni Whistler and Nancy Klimas and Elizabeth R Unger},
   Title="{{E}xploration of statistical dependence between illness parameters using the entropy correlation coefficient}",
   Journal="Pharmacogenomics",
   Year="2006",
   Volume="7",
   Number="3",
   Pages="421--428",
   Month="Apr",
   Note={[\href{http://dx.doi.org/10.2217/14622416.7.3.421}{DOI:10.2217/14622416.7.3.421}] [\href{http://www.ncbi.nlm.nih.gov/pubmed/16610952}{PMID:16610952}] }
}

@ARTICLE{paperBroderick2006,
  author = {Gordon Broderick and {\textbf{R. Cameron}} {\textbf{Craddock}} and
	Toni Whistler and Renee Taylor and Nancy Klimas and Elizabeth R Unger},
   Title="{{I}dentifying illness parameters in fatiguing syndromes using classical projection methods}",
   Journal="Pharmacogenomics",
   Year="2006",
   Volume="7",
   Number="3",
   Pages="407--419",
   Month="Apr",
   issn="14622416",
   Note={[\href{http://dx.doi.org/10.2217/14622416.7.3.407}{DOI:10.2217/14622416.7.3.407}] [\href{http://www.ncbi.nlm.nih.gov/pubmed/16610951}{PMID:16610951}] }
}

@ARTICLE{paperCapuron2006,
  author = {Lucile Capuron and Leonie Welberg and Christine Heim and Dieter Wagner
	and Laura Solomon and Dimitris A. Papanicolaou and {\textbf{R. Cameron}}
	{\textbf{Craddock}} and Andrew H Miller and William C. Reeves},
   Title="{{C}ognitive dysfunction relates to subjective report of mental fatigue in patients with chronic fatigue syndrome}",
   Journal="Neuropsychopharmacology",
   Year="2006",
   Volume="31",
   Number="8",
   Pages="1777--1784",
   Month="Aug",
   Note={[\href{http://dx.doi.org/10.1038/sj.npp.1301005}{DOI:10.1038/sj.npp.1301005}] [\href{http://www.ncbi.nlm.nih.gov/pubmed/16395303}{PMID:16395303}]
   \textcolor{richgreen}{[\href{http://www.nature.com/npp/journal/v31/n8/full/1301005a.html}{Open Access}]}}
}

@ARTICLE{paperWhistler2006,
  author = {Toni Whistler and Renee Taylor and {\textbf{R. Cameron}} {\textbf{Craddock}}
	and Gordon Broderick and Nancy Klimas and Elizabeth R. Unger},
   Title="{{G}ene expression correlates of unexplained fatigue}",
   Journal="Pharmacogenomics",
   Year="2006",
   Volume="7",
   Number="3",
   Pages="395--405",
   Month="Apr",
   Note={[\href{http://dx.doi.org/10.2217/14622416.7.3.395}{DOI:10.2217/14622416.7.3.395}] [\href{http://www.ncbi.nlm.nih.gov/pubmed/16610950}{PMID:16610950}] }
}



@ARTICLE{paperLozano2008,
  author = {Andres M. Lozano and Helen S. Mayberg and Peter Giacobbe and Clement
	Hamani and {\textbf{R. Cameron}} {\textbf{Craddock}} and Sydney H
	Kennedy},
   Title="{{S}ubcallosal cingulate gyrus deep brain stimulation for treatment-resistant depression}",
   Journal="Biological Psychiatry",
   Year="2008",
   Volume="64",
   Number="6",
   Pages="461--467",
   Month="Sep",
   Note={[\href{http://dx.doi.org/10.1016/j.biopsych.2008.05.034}{DOI:10.1016/j.biopsych.2008.05.034}] [\href{http://www.ncbi.nlm.nih.gov/pubmed/18639234}{PMID:18639234}]
   \textcolor{richgreen}{[\href{http://www.biologicalpsychiatryjournal.com/article/S0006-3223(08)00703-8/fulltext}{Open Access}]}}
}


% This file was created with JabRef 2.7.2.
% Encoding: Cp1252

@ARTICLE{paperCraddock2009,
  author = {{\textbf{R. Cameron}} {\textbf{Craddock}} and Paul E. Holtzheimer
	and Xiaoping P. Hu and Helen S. Mayberg},
   Title="{{D}isease state prediction from resting state functional connectivity}",
   Journal="Magnetic Resonance in Medicine",
   Year="2009",
   Volume="62",
   Number="6",
   Pages="1619--1628",
   Month="Dec",
   Note={[\href{http://dx.doi.org/10.1002/mrm.22159}{DOI:10.1002/mrm.22159}] [\href{http://www.ncbi.nlm.nih.gov/pubmed/19859933}{PMID:19859933}] \textcolor{richgreen}{[\href{http://www.ncbi.nlm.nih.gov/pmc/articles/PMC3749911}{Open Access}]}}
}



@ARTICLE{paperJames2009,
  author = {G. Andrew James and Mary E Kelley and {\textbf{R. Cameron}} {\textbf{Craddock}}
	and Paul E Holtzheimer and Boadie W Dunlop and Charles B Nemeroff
	and Helen S Mayberg and Xiaoping P Hu},
   Title="{{E}xploratory structural equation modeling of resting-state f{M}{R}{I}: applicability of group models to individual subjects}",
   Journal="Neuro{I}mage",
   Year="2009",
   Volume="45",
   Number="3",
   Pages="778--787",
   Month="Apr",
   Note={[\href{http://dx.doi.org/10.1016/j.neuroimage.2008.12.049}{DOI:10.1016/j.neuroimage.2008.12.049}] [\href{http://www.ncbi.nlm.nih.gov/pubmed/19162206}{PMID:19162206}] \textcolor{richgreen}{[\href{http://www.ncbi.nlm.nih.gov/pmc/articles/PMC2653594}{Open Access}]}}
}

@ARTICLE{paperGlielmi2010,
  author = {Christopher B. Glielmi and Qin Xu and {\textbf{R. Cameron}} {\textbf{Craddock}}
	and Xioaping P. Hu},
   Title="{{S}imultaneous acquisition of gradient echo/spin echo {B}{O}{L}{D} and perfusion with a separate labeling coil}",
   Journal="Magnetic Resonance in Medicine",
   Year="2010",
   Volume="64",
   Number="6",
   Pages="1827--1831",
   Month="Dec",
   Note={[\href{http://dx.doi.org/10.1002/mrm.22554}{DOI:10.1002/mrm.22554}] [\href{http://www.ncbi.nlm.nih.gov/pubmed/20648682}{PMID:20648682}] \textcolor{richgreen}{[\href{http://www.ncbi.nlm.nih.gov/pmc/articles/PMC2978273}{Open Access}]}}
}

@article{kelly2012characterizing,
   Author="Kelly, C.  and Biswal, B. B.  and {\textbf{R. C.}} {\textbf{Craddock}}   and Castellanos, F. X.  and Milham, M. P.",
   Title="{{C}haracterizing variation in the functional connectome: promise and pitfalls}",
   Journal="Trends in Cognitive Science (Regular Edition)",
   Year="2012",
   Volume="16",
   Number="3",
   Pages="181--188",
   Month="Mar",
   Note={[\href{http://dx.doi.org/10.1016/j.tics.2012.02.001}{DOI:10.1016/j.tics.2012.02.001}] [\href{http://www.ncbi.nlm.nih.gov/pubmed/22341211}{PMID:22341211}] \textcolor{richgreen}{[\href{http://www.ncbi.nlm.nih.gov/pmc/articles/PMC3882689}{Open Access}]}}
}


@Article{paperCraddock2012,
   Author="{\textbf{R. Cameron}} {\textbf{Craddock}}  and G. Andrew James and
       Paul E. Holtzheimer and Xiaoping P. Hu and Helen S. Mayberg",
   Title="{{A} whole brain f{M}{R}{I} atlas generated via spatially constrained spectral clustering}",
   Journal="Human Brain Mapping",
   Year="2012",
   Volume="33",
   Number="8",
   Pages="1914--1928",
   Month="Aug",
   Note={[\href{http://dx.doi.org/10.1002/hbm.21333}{DOI:10.1002/hbm.21333}] [\href{http://www.ncbi.nlm.nih.gov/pubmed/21769991}{PMID:21769991}] \textcolor{richgreen}{[\href{http://www.ncbi.nlm.nih.gov/pmc/articles/PMC3838923}{Open Access}]} \textcolor{richorange}{[\href{http://ccraddock.github.io/cluster_roi/}{Open Source}]}}
}


@ARTICLE{paperSLV2012,
  author = {S. Lavoie-Courchesne and P. Rioux and F. Chouinard-Decorte and T.
	Sherif and M.-E. Rousseau and S. Das and R. Adalat and J. Doyon and
	{\textbf{R. C.}} {\textbf{Craddock}} and D. Margulies and C. Chu,
	O. Lyttelton and A. C. Evans and P. Bellec},
  title = {Integration of a neuroimaging processing pipeline into a pan-canadian
	computing grid.},
  journal = {Journal of Physics: Conference Series},
  year = {2012},
  volume = {341(1)},
  doi = {doi:10.1088/1742-6596/341/1/012032},
  owner = {cameron},
  timestamp = {2011.11.22},
  Note={[\href{http://dx.doi.org/10.1088/1742-6596/341/1/012032}{doi:10.1088/1742-6596/341/1/012032}] \textcolor{richgreen}{[\href{http://iopscience.iop.org/1742-6596/341/1/012032}{Open Access}]}}
}

@article{paperNooner2012nki,
  author={Nooner, Kate Brody and Colcombe, Stanley J. and Tobe, Russell H. and Mennes, Maarten and Benedict, Melissa M. and Moreno, Alexis L. and Panek, Laura J. and Brown, Shaquanna and Zavitz, Stephen T. and Li, Qingyang and Sikka, Sharad and Gutman, David and Bangaru, Saroja and Schlachter, Rochelle Tziona and Kamiel, Stephanie M. and Anwar, Ayesha R. and Hinz, Caitlin M. and Kaplan, Michelle S. and Rachlin, Anna B. and Adelsberg, Samantha and Cheung, Brian and Khanuja, Ranjit and Yan, Chaogan and {\textbf{R. Cameron}} {\textbf{Craddock}} and Calhoun, Vincent and Courtney, William and King, Margaret and Wood, Dylan and Cox, Christine L. and Kelly, A. M. Clare and Thomsen, Dawn and Biswal, Bharat and Coffey, Barbara and Hoptman, Matthew J. and Javitt, Daniel C. and Pomara, Nunzio and Sidtis, John J. and Koplewicz, Harold S. and Castellanos, Francisco Xavier and Leventhal, Bennet L. and Milham, Michael P.},
   Title="{{T}he {N}{K}{I}-{R}ockland {S}ample: {A} {M}odel for {A}ccelerating the {P}ace of {D}iscovery {S}cience in {P}sychiatry}",
   Journal="Frontiers in {N}euroscience",
   Year="2012",
   Volume="6",
   Pages="152",
   Note={[\href{http://dx.doi.org/10.3389/fnins.2012.00152}{DOI:10.3389/fnins.2012.00152}] [\href{http://www.ncbi.nlm.nih.gov/pubmed/23087608}{PMID:23087608}]
   \textcolor{richgreen}{[\href{http://journal.frontiersin.org/Journal/10.3389/fnins.2012.00152/full}{Open Access}]}}
}

@article{paperLv2013identifying,
  author={Lv, Yating and Margulies, Daniel S. and {\textbf{R. Cameron}} {\textbf{Craddock}} and Long, Xiangyu and
          Winter, Benjamin and Gierhake, Daniel and Endres, Matthias and Villringer, Kersten and Fiebach, Jochen and Villringer, Arno},
   Title="{{I}dentifying the perfusion deficit in acute stroke with resting-state functional magnetic resonance imaging}",
   Journal="Annals of {N}eurology",
   Year="2013",
   Volume="73",
   Number="1",
   Pages="136--140",
   Month="Jan",
   Note={[\href{http://dx.doi.org/10.1002/ana.23763}{DOI:10.1002/ana.23763}] [\href{http://www.ncbi.nlm.nih.gov/pubmed/23378326}{PMID:23378326}]}
}

@article{paperYan2013comprehensive,
   Author="Yan, C. G.  and Cheung, B.  and Kelly, C.  and Colcombe, S.  and {\textbf{R. C.}} {\textbf{Craddock}} and Di Martino, A.  and Li, Q.  and Zuo, X. N.  and Castellanos, F. X.  and Milham, M. P.",
   Title="{{A} comprehensive assessment of regional variation in the impact of head micromovements on functional connectomics}",
   Journal="Neuro{I}mage",
   Year="2013",
   Volume="76",
   Pages="183--201",
   Month="Aug",
   Note={[\href{http://dx.doi.org/10.1016/j.neuroimage.2013.03.004}{DOI:10.1016/j.neuroimage.2013.03.004}] [\href{http://www.ncbi.nlm.nih.gov/pubmed/23499792}{PMID:23499792}] \textcolor{richgreen}{[\href{http://www.ncbi.nlm.nih.gov/pmc/articles/PMC3896129}{Open Access}]}}
}


@article{paperVaroquaux2013comparingconnectomes,
   Author={Ga\"{e}l Varoquaux and {\textbf{R. Cameron}} {\textbf{Craddock}}},
   Title="{{L}earning and comparing functional connectomes across subjects}",
   Journal="Neuro{I}mage",
   Year="2013",
   Volume="80",
   Pages="405--415",
   Month="Oct",
   Note={[\href{http://dx.doi.org/10.1016/j.neuroimage.2013.04.007}{DOI:10.1016/j.neuroimage.2013.04.007}] [\href{http://www.ncbi.nlm.nih.gov/pubmed/23583357}{PMID:23583357}] \textcolor{richgreen}{[\href{http://arxiv.org/abs/1304.3880}{Open Access}]}}
}

% 23575832
@Article{paperKeller2013neurophys,
   Author={Keller, C. J.  and Bickel, S.  and Honey, C. J.  and Groppe, D. M.  and Entz, L.  and {\textbf{R. C.}} {\textbf{Craddock}} and Lado, F. A.  and Kelly, C.  and Milham, M.  and Mehta, A. D.},
   Title="{{N}europhysiological investigation of spontaneous correlated and anticorrelated fluctuations of the {B}{O}{L}{D} signal}",
   Journal="Journal of Neuroscience",
   Year="2013",
   Volume="33",
   Number="15",
   Pages="6333--6342",
   Month="Apr",
   Note={[\href{http://dx.doi.org/10.1523/JNEUROSCI.4837-12.2013}{DOI:10.1523/JNEUROSCI.4837-12.2013}] [\href{http://www.ncbi.nlm.nih.gov/pubmed/23575832}{PMID:23575832}] \textcolor{richgreen}{[\href{http://www.jneurosci.org/content/33/15/6333.long}{Open Access}]}}
}

@Article{paperCastellanos2013,
   Author="Castellanos, F. Xavier  and Di Martino, Adriana  and \textbf{Craddock}, \textbf{R. Cameron}  and Mehta, Ashesh D.  and Milham, Michael P.",
   Title="{{C}linical applications of the functional connectome}",
   Journal="Neuro{I}mage",
   Year="2013",
   Volume="80",
   Pages="527--540",
   Month="Oct",
   Note={[\href{http://dx.doi.org/10.1016/j.neuroimage.2013.04.083}{DOI:10.1016/j.neuroimage.2013.04.083}] [\href{http://www.ncbi.nlm.nih.gov/pubmed/23631991}{PMID:23631991}] \textcolor{richgreen}{[\href{http://www.ncbi.nlm.nih.gov/pmc/articles/PMC3809093}{Open Access}]}}
}

@Article{paperYan2013,
   Author="Yan, Chao-Gan  and \textbf{Craddock}, \textbf{R. Cameron}  and Zuo, Xi-Nian  and Zang, Yue-Feng  and Milham, Michael P.",
   Title="{{S}tandardizing the intrinsic brain: towards robust measurement of inter-individual variation in 1000 functional connectomes}",
   Journal="Neuro{I}mage",
   Year="2013",
   Volume="80",
   Pages="246--262",
   Month="Oct",
   Note={[\href{http://dx.doi.org/10.1016/j.neuroimage.2013.04.081}{DOI:10.1016/j.neuroimage.2013.04.081}] [\href{http://www.ncbi.nlm.nih.gov/pubmed/23631983}{PMID:23631983}] \textcolor{richgreen}{[\href{http://www.ncbi.nlm.nih.gov/pmc/articles/PMC4074397}{Open Access}]}}
}


% 23707580
@Article{paperCraddock2013,
   Author="\textbf{Craddock}, \textbf{R. Cameron} and Milham, Michael P. and LaConte, Stephen M.",
   Title="{{P}redicting intrinsic brain activity}",
   Journal="Neuro{I}mage",
   Year="2013",
   Volume="82",
   Pages="127--136",
   Month="Nov",
   Note={[\href{http://dx.doi.org/10.1016/j.neuroimage.2013.05.072}{DOI:10.1016/j.neuroimage.2013.05.072}] [\href{http://www.ncbi.nlm.nih.gov/pubmed/23707580}{PMID:23707580}] }
}
%\textcolor{richgreen}{[\href{https://www.researchgate.net/profile/Cameron_Craddock/publication/236938726_Predicting_intrinsic_brain_activity/links/0deec53bf03fc9cc0e000000?origin=publication_detail}{Open Access}]}

% 23722212
@Article{paperCraddock2013a,
   Author="\textbf{Craddock}, \textbf{R. Cameron} and Jbabdi, Saad and Yan, Chao-Gan and Vogelstein, Joshua and Castellanos, F. Xavier and Di Martino, Adriana and Kelly, Clare and Heberlein, Keith and Colcombe, Stan and Milham, Michael P.",
   Title="{{I}maging human connectomes at the macroscale}",
   Journal="Nature Methods",
   Year="2013",
   Volume="10",
   Number="6",
   Pages="524--539",
   Month="Jun",
   Note={[\href{http://dx.doi.org/10.1038/nmeth.2482}{DOI:10.1038/nmeth.2482}] [\href{http://www.ncbi.nlm.nih.gov/pubmed/23722212}{PMID:23722212}] \textcolor{richgreen}{[\href{http://www.ncbi.nlm.nih.gov/pmc/articles/PMC4096321}{Open Access}]}}
}



% 23760393
@Article{paperMcGrath2013,
    Author="McGrath, Callie L. and Kelley, Mary E. and Holtzheimer III, Paul E. and Dunlop, Boadie W. and Craighead, W. Edward and Franco, Alexandre R. and \textbf{Craddock}, \textbf{R. Cameron} and Mayberg, Helen S.",
   Title="{{T}oward a neuroimaging treatment selection biomarker for major depressive disorder}",
   Journal="JAMA Psychiatry",
   Year="2013",
   Volume="70",
   Number="8",
   Pages="821--829",
   Month="Aug",
   Note={[\href{http://dx.doi.org/10.1001/jamapsychiatry.2013.143}{DOI:10.1001/jamapsychiatry.2013.143}] [\href{http://www.ncbi.nlm.nih.gov/pubmed/23760393}{PMID:23760393}] \textcolor{richgreen}{[\href{http://archpsyc.jamanetwork.com/article.aspx?articleid=1696349}{Open Access}]}}
}



% 23935850
@Article{paperRohr2013,
   Author="Rohr, Christiane S. and Okon-Singer, Hadas and \textbf{Craddock}, \textbf{R. Cameron} and Villringer, Arno and Margulies, Daniel S.",
   Title="{{A}ffect and the brain's functional organization: a resting-state connectivity approach}",
   Journal="PLoS ONE",
   Year="2013",
   Volume="8",
   Number="7",
   Pages="e68015",
   Note={[\href{http://dx.doi.org/10.1371/journal.pone.0068015}{DOI:10.1371/journal.pone.0068015}] [\href{http://www.ncbi.nlm.nih.gov/pubmed/23935850}{PMID:23935850}] \textcolor{richgreen}{[\href{http://dx.plos.org/10.1371/journal.pone.0068015}{Open Access}]}}
}


@ARTICLE{paperYan2013smallworld,
   AUTHOR={Yan, Chao-Gan  and  \textbf{Craddock}, \textbf{R. Cameron}  and  He, Yong  and  Milham, Michael P.},
   Title="{{A}ddressing head motion dependencies for small-world topologies in functional connectomics}",
   Journal="Frontiers in Human Neurosci",
   Year="2013",
   Volume="7",
   Pages="910",
   Note={[\href{http://dx.doi.org/10.3389/fnhum.2013.00910}{DOI:10.3389/fnhum.2013.00910}] [\href{http://www.ncbi.nlm.nih.gov/pubmed/24421764}{PMID:24421764}] \textcolor{richgreen}{[\href{http://dx.doi.org/10.3389/fnhum.2013.00910}{Open Access}]}}
}


@article{Eierud2014283,
Author="Eierud, C.  and \textbf{R. C.} \textbf{Craddock}  and Fletcher, S.  and Aulakh, M.  and King-Casas, B.  and Kuehl, D.  and LaConte, S. M.",
   Title="{{N}euroimaging after mild traumatic brain injury: {R}eview and meta-analysis}",
   Journal="Neuro{I}mage: Clinical",
   Year="2014",
   Volume="4",
   Pages="283--294",
   Note={[\href{http://dx.doi.org/10.1016/j.nicl.2013.12.009}{DOI:10.1016/j.nicl.2013.12.009}] [\href{http://www.ncbi.nlm.nih.gov/pubmed/25061565}{PMID:25061565}] \textcolor{richgreen}{[\href{http://linkinghub.elsevier.com/retrieve/pii/S2213-1582(13)00168-X}{Open Access}]}}
}

@article{Yang2014,
   Author="Yang, Z.  and \textbf{R. C.} \textbf{Craddock}  and Margulies, D. S.  and Yan, C. G.  and Milham, M. P.",
   Title="{{C}ommon intrinsic connectivity states among posteromedial cortex subdivisions: {I}nsights from analysis of temporal dynamics}",
   Journal="Neuro{I}mage",
   Year="2014",
   Volume="93 Pt 1",
   Pages="124--137",
   Month="Jun",
   Note={ [\href{http://dx.doi.org/10.1016/j.neuroimage.2014.02.014}{DOI:10.1016/j.neuroimage.2014.02.014}] [\href{http://www.ncbi.nlm.nih.gov/pubmed/24560717}{PMID:24560717}] \textcolor{richgreen}{[\href{http://www.ncbi.nlm.nih.gov/pmc/articles/PMC4010223}{Open Access}]}}
}

@ARTICLE{Yang2014b,
    AUTHOR={Yang, Zhen  and  \textbf{R. Cameron} \textbf{Craddock}  and  Milham, Michael P.},
	TITLE={Impact Of Hematocrit On Measurements Of The Intrinsic Brain},
    JOURNAL={Frontiers in Neuroscience},
    VOLUME={8},
	YEAR={2014},
	NUMBER={452},
	URL={http://www.frontiersin.org/brain_imaging_methods/10.3389/fnins.2014.00452/abstract},
	DOI={10.3389/fnins.2014.00452},
	ISSN={1662-453X} ,
	Note={ [\href{http://dx.doi.org/10.3389/fnins.2014.00452}{DOI:10.3389/fnins.2014.00452}] [\href{http://www.ncbi.nlm.nih.gov/pubmed/25653582}{PMID:25653582}] \textcolor{richgreen}{[\href{http://www.frontiersin.org/brain_imaging_methods/10.3389/fnins.2014.00452/abstract}{Open Access}]}}
}

% 24824880
@Article{Gorgolewski2014,
   Author="Gorgolewski, K. J.  and Lurie, D.  and Urchs, S.  and Kipping, J. A.  and \textbf{R. C.} \textbf{Craddock}  and Milham, M. P.  and Margulies, D. S.  and Smallwood, J.",
   Title="{{A} correspondence between individual differences in the brain's intrinsic functional architecture and the content and form of self-generated thoughts}",
   Journal="PLoS ONE",
   Year="2014",
   Volume="9",
   Number="5",
   Pages="e97176",
   Note={[\href{http://dx.doi.org/10.1371/journal.pone.0097176}{DOI:10.1371/journal.pone.0097176}] [\href{http://www.ncbi.nlm.nih.gov/pubmed/24824880}{PMID:24824880}] \textcolor{richgreen}{[\href{http://dx.plos.org/10.1371/journal.pone.0097176}{Open Access}]}}
}

% 24583255
@Article{Shehzad2014,
   Author="Shehzad, Z.  and Kelly, C.  and Reiss, P. T.  and \textbf{R. Cameron} \textbf{Craddock}  and Emerson, J. W.  and McMahon, K.  and Copland, D. A.  and Castellanos, F. X.  and Milham, M. P.",
   Title="{{A} multivariate distance-based analytic framework for connectome-wide association studies}",
   Journal="Neuro{I}mage",
   Year="2014",
   Volume="93 Pt 1",
   Pages="74--94",
   Month="Jun",
   Note={ [\href{http://dx.doi.org/10.1016/j.neuroimage.2014.02.024}{DOI:10.1016/j.neuroimage.2014.02.024}] [\href{http://www.ncbi.nlm.nih.gov/pubmed/24583255}{PMID:24583255}] \textcolor{richgreen}{[\href{http://www.ncbi.nlm.nih.gov/pmc/articles/PMC4138049}{Open Access}] \textcolor{richorange}{[\href{http://connectir.projects.nitrc.org/}{Open Source}]}}
}}

@Article{Stoeckel2014,
   Author="Stoeckel, L. E.  and Garrison, K. A.  and Ghosh, S.  and Wighton, P.  and Hanlon, C. A.  and Gilman, J. M.  and Greer, S.  and Turk-Browne, N. B.  and deBettencourt, M. T.  and Scheinost, D.  and \textbf{R. C.} \textbf{Craddock}  and Thompson, T.  and Calderon, V.  and Bauer, C. C.  and George, M.  and Breiter, H. C.  and Whitfield-Gabrieli, S.  and Gabrieli, J. D.  and LaConte, S. M.  and Hirshberg, L.  and Brewer, J. A.  and Hampson, M.  and Van Der Kouwe, A.  and Mackey, S.  and Evins, A. E.",
   Title="{{O}ptimizing real time f{M}{R}{I} neurofeedback for therapeutic discovery and development}",
   Journal="Neuro{I}mage: Clinical",
   Year="2014",
   Volume="5",
   Pages="245--255",
   Note={[\href{http://dx.doi.org/10.1016/j.nicl.2014.07.002}{DOI:10.1016/j.nicl.2014.07.002}] [\href{http://www.ncbi.nlm.nih.gov/pubmed/25161891}{PMID:25161891}] \textcolor{richgreen}{[\href{http://www.sciencedirect.com/science/article/pii/S2213158214000928}{Open Access}]}}
}

% 25233316
@Article{DiMartino2014,
    Author="Di Martino, A.  and Fair, D. A.  and Kelly, C.  and Satterthwaite, T. D.  and Castellanos, F. X.  and Thomason, M. E.  and \textbf{Craddock}, \textbf{R. C.}  and Luna, B.  and Leventhal, B. L.  and Zuo, X. N.  and Milham, M. P.",
    Title="{{U}nraveling the {M}iswired {C}onnectome: {A} {D}evelopmental {P}erspective}",
    Journal="Neuron",
    Year="2014",
    Volume="83",
    Number="6",
    Pages="1335--1353",
    Month="Sep",
    Note={[\href{http://dx.doi.org/10.1016/j.neuron.2014.08.050}{DOI:10.1016/j.neuron.2014.08.050}] [\href{http://www.ncbi.nlm.nih.gov/pubmed/25233316}{PMID:25233316}] \textcolor{richgreen}{[\href{http://www.ncbi.nlm.nih.gov/pmc/articles/PMC4169187}{Open Access}]} }
}
%\href{http://www.sciencedirect.com/science/article/pii/S2213158214000928}{\colorbox{richgreen}{\color{white}[Open %Access]}}\href{http://www.sciencedirect.com/science/article/pii/S2213158214000928}{\colorbox{richgreen}{\color{white}Open Access}}

@ARTICLE{Rojas2004,
    AUTHOR={Rojas, Gonzalo M  and  G\'{a}lvez, Marcelo  and  Vega Potler, Natan  and  \textbf{Craddock}, \textbf{R. Cameron}  and  Margulies, Daniel S  and  Castellanos, F Xavier  and  Milham, Michael P},
	TITLE={Stereoscopic Three-Dimensional Visualization Applied to Multimodal Brain Images: Clinical Applications and a Functional Connectivity Atlas.},
    JOURNAL={Frontiers in Neuroscience},
	VOLUME={8},
	YEAR={2014},
    month="Oct",
	NUMBER={328},
	URL={http://www.frontiersin.org/brain_imaging_methods/10.3389/fnins.2014.00328/abstract},
	DOI={10.3389/fnins.2014.00328},
	ISSN={1662-453X},
    Note={[\href{http://dx.doi.org/10.3389/fnins.2014.00328}{DOI:10.3389/fnins.2014.00328}] \textcolor{richgreen}{[\href{http://www.frontiersin.org/brain_imaging_methods/10.3389/fnins.2014.00328/abstract}{Open Access}]}}
}


@article{Zuo2014,
	Author = {Zuo, Xi-Nian and Anderson, Jeffrey S and Bellec, Pierre and Birn, Rasmus M and Biswal, Bharat B and Blautzik, Janusch and Breitner, John C. S and Buckner, Randy L and Calhoun, Vince D and Castellanos, F. Xavier and Chen, Antao and Chen, Bing and Chen, Jiangtao and Chen, Xu and Colcombe, Stanley J and Courtney, William and \textbf{Craddock}, \textbf{R. Cameron} and Di Martino, Adriana and Dong, Hao-Ming and Fu, Xiaolan and Gong, Qiyong and Gorgolewski, Krzysztof J and Han, Ying and He, Ye and He, Yong and Ho, Erica and Holmes, Avram and Hou, Xiao-Hui and Huckins, Jeremy and Jiang, Tianzi and Jiang, Yi and Kelley, William and Kelly, Clare and King, Margaret and LaConte, Stephen M and Lainhart, Janet E and Lei, Xu and Li, Hui-Jie and Li, Kaiming and Li, Kuncheng and Lin, Qixiang and Liu, Dongqiang and Liu, Jia and Liu, Xun and Liu, Yijun and Lu, Guangming and Lu, Jie and Luna, Beatriz and Luo, Jing and Lurie, Daniel and Mao, Ying and Margulies, Daniel S and Mayer, Andrew R and Meindl, Thomas and Meyerand, Mary E and Nan, Weizhi and Nielsen, Jared A and O'Connor, David and Paulsen, David and Prabhakaran, Vivek and Qi, Zhigang and Qiu, Jiang and Shao, Chunhong and Shehzad, Zarrar and Tang, Weijun and Villringer, Arno and Wang, Huiling and Wang, Kai and Wei, Dongtao and Wei, Gao-Xia and Weng, Xu-Chu and Wu, Xuehai and Xu, Ting and Yang, Ning and Yang, Zhi and Zang, Yu-Feng and Zhang, Lei and Zhang, Qinglin and Zhang, Zhe and Zhang, Zhiqiang and Zhao, Ke and Zhen, Zonglei and Zhou, Yuan and Zhu, Xing-Ting and Milham, Michael P},
	Date = {2014/12/09/online},
	Date-Added = {2014-12-09 16:04:41 +0000},
	Date-Modified = {2014-12-09 16:04:41 +0000},
	Day = {09},
	Journal = {Scientific Data},
	L3 = {10.1038/sdata.2014.49; http://www.nature.com/articles/sdata201449#supplementary-information},
	M3 = {Data Descriptor},
	Month = {12},
	Pages = {140049},
	Publisher = {Macmillan Publishers Limited SN  -},
	Title = {An open science resource for establishing reliability and reproducibility in functional connectomics},
	Ty = {JOUR},
	Url = {http://dx.doi.org/10.1038/sdata.2014.49},
	Volume = {1},
	Year = {2014},
	Bdsk-Url-1 = {http://dx.doi.org/10.1038/sdata.2014.49},
	Note={[\href{http://dx.doi.org/10.1038/sdata.2014.49}{DOI:10.1038/sdata.2014.49}]
	[\href{http://www.ncbi.nlm.nih.gov/pubmed/25977800}{PMID:25977800}] \textcolor{richblue}{[\href{http://fcon_1000.projects.nitrc.org/indi/CoRR/html/}{Data Sharing}]}\textcolor{richgreen}{[\href{http://www.nature.com/articles/sdata201449}{Open Access}]}}
}


@article{Craddock2015,
    author = {{\textbf{R. Cameron}} {\textbf{Craddock}} and Tungaraza, Rosalia L and Milham, Michael P},
    doi = {10.1186/s13742-015-0045-x},
    issn = {2047-217X},
    journal = {GigaScience},
    language = {en},
    month = mar,
    number = {1},
    pages = {13},
    volume = {4},
    year = {2015},
    publisher = {BioMed Central Ltd},
    title = {{Connectomics and new approaches for analyzing human brain functional connectivity}},
    url = {http://www.gigasciencejournal.com/content/4/1/13},
    Note={ [\href{http://dx.doi.org/10.1186/s13742-015-0045-x}{DOI:10.1186/s13742-015-0045-x}]
	       [\href{http://www.ncbi.nlm.nih.gov/pubmed/25810900}{PMID:25810900}]
			\textcolor{richgreen}{[\href{http://www.gigasciencejournal.com/content/4/1/13}{Open Access}]}}
}



% 26365788
@Article{Somandepalli2015,
   Author="Somandepalli, K.  and Kelly, C.  and Reiss, P. T.  and Zuo, X. N.  and {\textbf{Craddock}}, {\textbf{R. C.}}  and Yan, C. G.  and Petkova, E.  and Castellanos, F. X.  and Milham, M. P.  and Di Martino, A.",
   Title="{{S}hort-term test-retest reliability of resting state f{M}{R}{I} metrics in children with and without attention-deficit/hyperactivity disorder}",
   Journal="Dev Cogn Neurosci",
   Year="2015",
   Volume="15",
   Pages="83--93",
   Month="Oct",
   Note={[\href{http://dx.doi.org/10.1016/j.dcn.2015.08.003}{DOI:10.1016/j.dcn.2015.08.003}] [\href{http://www.ncbi.nlm.nih.gov/pubmed/26365788}{PMID:26365788}] \textcolor{richgreen}{[\href{http://www.sciencedirect.com/science/article/pii/S1878929315000821}{Open Access}]}}
}

% 26299314
@Article{Yang2015,
   Author="Yang, Z.  and Jutagir, D. R.  and Koyama, M. S.  and {\textbf{Craddock}}, {\textbf{R. C.}}  and Yan, C. G.  and Shehzad, Z.  and Castellanos, F. X.  and Di Martino, A.  and Milham, M. P.",
   Title="{{I}ntrinsic brain indices of verbal working memory capacity in children and adolescents}",
   Journal="Dev Cogn Neurosci",
   Year="2015",
   Volume="15",
   Pages="67--82",
   Month="Oct",
   Note={[\href{http://dx.doi.org/10.1016/j.dcn.2015.07.007}{DOI:10.1016/j.dcn.2015.07.007}] [\href{http://www.ncbi.nlm.nih.gov/pubmed/26299314}{PMID:26299314}]
   \textcolor{richgreen}{[\href{http://www.ncbi.nlm.nih.gov/pmc/articles/PMC4696540}{Open Access}]}}
}

% 26241681
@Article{Bellec2015,
   Author="Bellec, P.  and Benhajali, Y.  and Carbonell, F.  and Dansereau, C.  and Albouy, G.  and Pelland, M.  and {\textbf{Craddock}}, {\textbf{C.}}  and Collignon, O.  and Doyon, J.  and Stip, E.  and Orban, P.",
   Title="{{I}mpact of the resolution of brain parcels on connectome-wide association studies in f{M}{R}{I}}",
   Journal="Neuroimage",
   Year="2015",
   Volume="123",
   Pages="212--228",
   Month="Dec",
   Note={[\href{http://dx.doi.org/10.1016/j.neuroimage.2015.07.071}{DOI:10.1016/j.neuroimage.2015.07.071}] [\href{http://www.ncbi.nlm.nih.gov/pubmed/26241681}{PMID:26241681}] \textcolor{richgreen}{[\href{http://arxiv.org/pdf/1409.2080.pdf}{Open Access}]}}
}

% 26033240
@Article{Satterthwaite2015,
   Author="Satterthwaite, T. D.  and Vandekar, S. N.  and Wolf, D. H.  and Bassett, D. S.  and Ruparel, K.  and Shehzad, Z.  and {\textbf{Craddock}}, {\textbf{R. C.}}  and Shinohara, R. T.  and Moore, T. M.  and Gennatas, E. D.  and Jackson, C.  and Roalf, D. R.  and Milham, M. P.  and Calkins, M. E.  and Hakonarson, H.  and Gur, R. C.  and Gur, R. E.",
   Title="{{C}onnectome-wide network analysis of youth with {P}sychosis-{S}pectrum symptoms}",
   Journal="Mol. Psychiatry",
   Year="2015",
   Volume="20",
   Number="12",
   Pages="1508--1515",
   Month="Dec",
   Note={[\href{http://dx.doi.org/10.1038/mp.2015.66}{DOI:10.1038/mp.2015.66}]
     [\href{http://www.ncbi.nlm.nih.gov/pubmed/26033240}{PMID:26033240}]
	 \textcolor{richgreen}{[\href{http://www.ncbi.nlm.nih.gov/pmc/articles/PMC4651819}{Open Access}]}}
}



% 26608241
@Article{Opitz2016,
   Author="Opitz, A.  and Fox, M. D.  and {\textbf{Craddock}}, {\textbf{R. C.}}  and Colcombe, S.  and Milham, M. P.",
   Title="{{A}n integrated framework for targeting functional networks via transcranial magnetic stimulation}",
   Journal="Neuroimage",
   Year="2016",
   Volume="127",
   Pages="86--96",
   Month="Feb",
   Note={[\href{http://dx.doi.org/10.1016/j.neuroimage.2015.11.040}{DOI:10.1016/j.neuroimage.2015.11.040}] [\href{http://www.ncbi.nlm.nih.gov/pubmed/26608241}{PMID:26608241}]}
}

@Article{Xu2016,
   Author="Xu, T.  and Opitz, A.  and {\textbf{Craddock}}, {\textbf{R. C.}}   and Wright, M. J.  and Zuo, X. N.  and Milham, M. P.",
   Title="{{A}ssessing {V}ariations in {A}real {O}rganization for the {I}ntrinsic {B}rain: {F}rom {F}ingerprints to {R}eliability}",
   Journal="Cereb. Cortex",
   Year="2016",
   Pages="",
   Month="Sep",
   Note={[\href{http://dx.doi.org/10.1093/cercor/bhw241}{DOI:10.1093/cercor/bhw241}] [\href{http://www.ncbi.nlm.nih.gov/pubmed/27600846}{PMID:27600846}] \textcolor{richred}{[\href{http://biorxiv.org/content/early/2016/05/16/035790}{Preprint}]}}
}


@article{Yang01052016,
author = {Yang, Zhi and Zuo, Xi-Nian and McMahon, Katie L. and {\textbf{Craddock}}, {\textbf{R. Cameron}} and Kelly, Clare and de Zubicaray, Greig I. and Hickie, Ian and Bandettini, Peter A. and Castellanos, F. Xavier and Milham, Michael P. and Wright, Margaret J.},
title = {Genetic and Environmental Contributions to Functional Connectivity Architecture of the Human Brain},
volume = {26},
number = {5},
pages = {2341-2352},
year = {2016},
doi = {10.1093/cercor/bhw027},
URL = {http://cercor.oxfordjournals.org/content/26/5/2341.abstract},
eprint = {http://cercor.oxfordjournals.org/content/26/5/2341.full.pdf+html},
journal = {Cerebral Cortex},
Note={[\href{http://dx.doi.org/10.1093/cercor/bhw027}{DOI:10.1093/cercor/bhw027}]
	 [\href{http://www.ncbi.nlm.nih.gov/pubmed/26891986}{PMID:26891986}]
 	 \textcolor{richgreen}{[\href{http://cercor.oxfordjournals.org/content/26/5/2341.abstract}{Open Access}]}}
}

@Article{CameronCraddock2016,
author={{\textbf{Craddock}}, {\textbf{R. C.}} and Margulies, Daniel S. and Bellec, Pierre and Nichols, B. Nolan  and Alcauter, Sarael
and Barrios, Fernando A. and Burnod, Yves and Cannistraci, Christopher J. and Cohen-Adad, Julien and De Leener, Benjamin and Dery, Sebastien
and Downar, Jonathan and Dunlop, Katharine and Franco, Alexandre R. and Froehlich, Caroline Seligman  and Gerber, Andrew J. and Ghosh, Satrajit S.
and Grabowski, Thomas J.  and Hill, Sean and Heinsfeld, Anibal S{\'o}lon and Hutchison, R. Matthew  and Kundu, Prantik and Laird, Angela R.
and Liew, Sook-Lei and Lurie, Daniel J.  and McLaren, Donald G. and Meneguzzi, Felipe and Mennes, Maarten and Mesmoudi, Salma and O'Connor, David
and H. Pasaye, Erick and Peltier, Scott and Poline, Jean-Baptiste and Prasad, Gautam and Pereira, Ramon Fraga and Quirion, Pierre-Olivier
and Rokem, Ariel and Saad, Ziad S. and Shi, Yonggang and Strother, Stephen C.  and Toro, Roberto and Uddin, Lucina Q.  and Van Horn, John D.
and Van Meter, John W.  and Welsh, Robert C. and Xu, Ting},
title="Brainhack: a collaborative workshop for the open neuroscience community",
journal="GigaScience",
year="2016",
volume="5",
number="1",
pages="1--8",
abstract="Brainhack events offer a novel workshop format with participant-generated content that caters to the rapidly growing open neuroscience community. Including components from hackathons and unconferences, as well as parallel educational sessions, Brainhack fosters novel collaborations around the interests of its attendees. Here we provide an overview of its structure, past events, and example projects. Additionally, we outline current innovations such as regional events and post-conference publications. Through introducing Brainhack to the wider neuroscience community, we hope to provide a unique conference format that promotes the features of collaborative, open science.",
issn="2047-217X",
doi="10.1186/s13742-016-0121-x",
url="http://dx.doi.org/10.1186/s13742-016-0121-x",
Note={[\href{http://dx.doi.org/10.1186/s13742-016-0121-x}{DOI:10.1186/s13742-016-0121-x}]
	 [\href{http://www.ncbi.nlm.nih.gov/pubmed/27042293}{PMID:27042293}]
 	 \textcolor{richgreen}{[\href{http://gigascience.biomedcentral.com/articles/10.1186/s13742-016-0121-x}{Open Access}]}}
}

@article{Bellec2017,
title ="The Neuro Bureau ADHD-200 Preprocessed repository",
journal = "NeuroImage",
volume = "144, Part B",
number = "",
pages = "275 - 286",
year = "2017",
issn = "1053-8119",
doi = "http://dx.doi.org/10.1016/j.neuroimage.2016.06.034",
url = "//www.sciencedirect.com/science/article/pii/S105381191630283X",
author = "Pierre Bellec and Carlton Chu and François Chouinard-Decorte and Yassine Benhajali and Daniel S. Margulies and {\textbf{Craddock}}, {\textbf{R. Cameron}}",
keywords = "Preprocessed fMRI",
keywords = "Data sharing",
keywords = "Neuroimaging competition",
abstract = "Abstract In 2011, the “ADHD-200 Global Competition” was held with the aim of identifying biomarkers of attention-deficit/hyperactivity disorder from resting-state functional magnetic resonance imaging (rs-fMRI) and structural \{MRI\} (s-MRI) data collected on 973 individuals. Statisticians and computer scientists were potentially the most qualified for the machine learning aspect of the competition, but generally lacked the specialized skills to implement the necessary steps of data preparation for rs-fMRI. Realizing this barrier to entry, the Neuro Bureau prospectively collaborated with all competitors by preprocessing the data and sharing these results at the Neuroimaging Informatics Tools and Resources Clearinghouse (NITRC) (http://www.nitrc.org/frs/?group_id=383). This “ADHD-200 Preprocessed” release included multiple analytical pipelines to cater to different philosophies of data analysis. The processed derivatives included denoised and registered 4D fMRI volumes, regional time series extracted from brain parcellations, maps of 10 intrinsic connectivity networks, fractional amplitude of low frequency fluctuation, and regional homogeneity, along with grey matter density maps. The data was used by several teams who competed in the ADHD-200 Global Competition, including the winning entry by a group of biostaticians. To the best of our knowledge, the ADHD-200 Preprocessed release was the first large public resource of preprocessed resting-state fMRI and structural \{MRI\} data, and remains to this day the only resource featuring a battery of alternative processing paths.",
Note={[\href{http://dx.doi.org/10.1016/j.neuroimage.2016.06.034}{DOI:10.1016/j.neuroimage.2016.06.034}] [\href{http://www.ncbi.nlm.nih.gov/pubmed/27423255}{PMID:27423255}] \textcolor{richblue}{[\href{http://preprocessed-connectomes-project.org/adhd200/}{Data Sharing}]} \textcolor{richgreen}{[\href{http://biorxiv.org/content/early/2016/01/17/037044.full.pdf}{Open Access}]} \textcolor{richred}{[\href{http://biorxiv.org/content/early/2016/06/19/037044}{Preprint}]}}
}

@Article{Gorgolewski2016,
   Author="Gorgolewski, K. J.  and Auer, T.  and Calhoun, V. D.  and {\textbf{Craddock}}, {\textbf{R. C.}} and Das, S.  and Duff, E. P.  and Flandin, G.  and Ghosh, S. S.  and Glatard, T.  and Halchenko, Y. O.  and Handwerker, D. A.  and Hanke, M.  and Keator, D.  and Li, X.  and Michael, Z.  and Maumet, C.  and Nichols, B. N.  and Nichols, T. E.  and Pellman, J.  and Poline, J. B.  and Rokem, A.  and Schaefer, G.  and Sochat, V.  and Triplett, W.  and Turner, J. A.  and Varoquaux, G.  and Poldrack, R. A.",
   Title="{{T}he brain imaging data structure, a format for organizing and describing outputs of neuroimaging experiments}",
   Journal="Sci Data",
   Year="2016",
   Volume="3",
   Pages="16--44",
   url="http://www.nature.com/articles/sdata201644",
   doi="10.1016/j.neuroimage.2015.11.040",
   Note={[\href{http://dx.doi.org/10.1016/j.neuroimage.2015.11.040}{DOI:10.1016/j.neuroimage.2015.11.040}] [\href{http://www.ncbi.nlm.nih.gov/pubmed/27326542}{PMID:27326542}] \textcolor{richgreen}{[\href{http://www.nature.com/articles/sdata201644}{Open Access}]} \textcolor{richred}{[\href{http://biorxiv.org/content/early/2016/05/12/034561}{Preprint}]}}
}



@Article{Puccio2016,
author="Puccio, Benjamin
and Pooley, James P.
and Pellman, John S.
and Taverna, Elise C.
and {\textbf{Craddock}}, {\textbf{R. Cameron}}",
title="The preprocessed connectomes project repository of manually corrected skull-stripped {T}1-weighted anatomical MRI data",
journal="GigaScience",
year="2016",
volume="5",
number="1",
pages="45",
abstract="Skull-stripping is the procedure of removing non-brain tissue from anatomical MRI data. This procedure can be useful for calculating brain volume and for improving the quality of other image processing steps. Developing new skull-stripping algorithms and evaluating their performance requires gold standard data from a variety of different scanners and acquisition methods. We complement existing repositories with manually corrected brain masks for 125 T1-weighted anatomical scans from the Nathan Kline Institute Enhanced Rockland Sample Neurofeedback Study.",
issn="2047-217X",
doi="10.1186/s13742-016-0150-5",
url="http://dx.doi.org/10.1186/s13742-016-0150-5",
Note={[\href{http://dx.doi.org/10.1186/s13742-016-0150-5}{DOI:10.1186/s13742-016-0150-5}] [\href{http://www.ncbi.nlm.nih.gov/pubmed/27782853}{PMID:27782853}] \textcolor{richblue}{[\href{http://preprocessed-connectomes-project.org/NFB_skullstripped/index.html}{Data Sharing}]}  \textcolor{richgreen}{[\href{http://gigascience.biomedcentral.com/articles/10.1186/s13742-016-0150-5}{Open Access}]} \textcolor{richred}{[\href{http://biorxiv.org/content/early/2016/08/04/067017}{Preprint}]}}
}
@article{McDonald2017157,
title = "The real-time fMRI neurofeedback based stratification of Default Network Regulation Neuroimaging data repository",
journal = "NeuroImage",
volume = "146",
number = "",
pages = "157 - 170",
year = "2017",
issn = "1053-8119",
doi = "http://dx.doi.org/10.1016/j.neuroimage.2016.10.048",
url = "//www.sciencedirect.com/science/article/pii/S105381191630605X",
author = "Amalia R. McDonald and Jordan Muraskin and Nicholas T.Van Dam and Caroline Froehlich and Benjamin Puccio and John Pellman and Clemens C.C. Bauer and Alexis Akeyson and Melissa M. Breland and Vince D. Calhoun and Steven Carter and Tiffany P. Chang and Chelsea Gessner and Alyssa Gianonne and Steven Giavasis and Jamie Glass and Steven Homann and Margaret King and Melissa Kramer and Drew Landis and Alexis Lieval and Jonathan Lisinski and Anna Mackay-Brandt and Brittny Miller and Laura Panek and Hayley Reed and Christine Santiago and Eszter Schoell and Richard Sinnig and Melissa Sital and Elise Taverna and Russell Tobe and Kristin Trautman and Betty Varghese and Lauren Walden and Runtang Wang and Abigail B. Waters and Dylan C. Wood and F.Xavier Castellanos and Bennett Leventhal and Stanley J. Colcombe and Stephen LaConte and Michael P. Milham and {\textbf{Craddock}}, {\textbf{R. Cameron}}",
keywords = "Functional MRI",
keywords = "Real-time fMRI",
keywords = "Neurofeedback",
keywords = "Default mode network",
keywords = "Data sharing",
abstract = "Abstract This data descriptor describes a repository of openly shared data from an experiment to assess inter-individual differences in default mode network (DMN) activity. This repository includes cross-sectional functional magnetic resonance imaging (fMRI) data from the Multi Source Interference Task, to assess \{DMN\} deactivation, the Moral Dilemma Task, to assess \{DMN\} activation, a resting state fMRI scan, and a \{DMN\} neurofeedback paradigm, to assess \{DMN\} modulation, along with accompanying behavioral and cognitive measures. We report technical validation from n=125 participants of the final targeted sample of 180 participants. Each session includes acquisition of one whole-brain anatomical scan and whole-brain echo-planar imaging (EPI) scans, acquired during the aforementioned tasks and resting state. The data includes several self-report measures related to perseverative thinking, emotion regulation, and imaginative processes, along with a behavioral measure of rapid visual information processing. Technical validation of the data confirms that the tasks deactivate and activate the \{DMN\} as expected. Group level analysis of the neurofeedback data indicates that the participants are able to modulate their \{DMN\} with considerable inter-subject variability. Preliminary analysis of behavioral responses and specifically self-reported sleep indicate that as many as 73 participants may need to be excluded from an analysis depending on the hypothesis being tested. The present data are linked to the enhanced Nathan Kline Institute, Rockland Sample and builds on the comprehensive neuroimaging and deep phenotyping available therein. As limited information is presently available about individual differences in the capacity to directly modulate the default mode network, these data provide a unique opportunity to examine \{DMN\} modulation ability in relation to numerous phenotypic characteristics.",
note={[\href{http://dx.doi.org/10.1016/j.neuroimage.2016.10.048}{DOI:10.1016/j.neuroimage.2016.10.048}] [\href{https://www.ncbi.nlm.nih.gov/pubmed/27836708}{PMID: 27836708}] \textcolor{richblue}{[\href{http://fcon_1000.projects.nitrc.org/indi/enhanced/}{Data Sharing}]}  \textcolor{richred}{[\href{http://biorxiv.org/content/early/2016/09/15/075275}{Preprint}]}}

}

@incollection{Clark2016,
  author       = {Daniel  Clark and Krzysztof J Gorgolewski and {\textbf{Craddock}}, {\textbf{R. Cameron}}},
  title        = {Integrating the {B}rain {I}maging {D}ata {S}tructure ({B}{I}{D}{S}) standard into {C}-{P}{A}{C}},
  booktitle    = {2015 Brainhack Proceedings},
  publisher    = {GigaScience Journal},
  year         = 2016,
  editor       = {Craddock, R. Cameron and Bellec, Pierre and Margulies, Daniel S. and Nichols, B. Nolan and Pfannm{\"o}ller, J{\"o}rg P.},
  issn="2047-217X",
  doi="10.1186/s13742-016-0147-0",
  url="http://dx.doi.org/10.1186/s13742-016-0147-0",
  note={[\href{http://dx.doi.org/10.1186/s13742-016-0147-0}{DOI:10.1186/s13742-016-0147-0}] \textcolor{richorange}{[\href{http://github.com/fcp-indi/CPAC}{Open Source}]}}
}

@incollection{Froehlich2016,
  author       = {Caroline  Froehlich and Gil  Dekel and Daniel S Margulies and {\textbf{Craddock}}, {\textbf{R. Cameron}}},
  title        = {Generating music with resting-state fMRI data},
  booktitle    = {2015 Brainhack Proceedings},
  publisher    = {GigaScience Journal},
  year         = 2016,
  editor       = {Craddock, R. Cameron and Bellec, Pierre and Margulies, Daniel S. and Nichols, B. Nolan and Pfannm{\"o}ller, J{\"o}rg P.},
  issn="2047-217X",
  doi="10.1186/s13742-016-0147-0",
  url="http://dx.doi.org/10.1186/s13742-016-0147-0",
  note={[\href{http://dx.doi.org/10.1186/s13742-016-0147-0}{DOI:10.1186/s13742-016-0147-0}] \textcolor{richorange}{[\href{https://github.com/carolFrohlich/brain-orchestra}{Open Source}]}}
}

@incollection{oconnor2016,
  author       = {David  O'Connor and Daniel J Clark and Michael P Milham and {\textbf{Craddock}}, {\textbf{R. Cameron}}},
  title        = {Sharing data in the cloud},
  booktitle    = {2015 Brainhack Proceedings},
  publisher    = {GigaScience Journal},
  year         = 2016,
  editor       = {Craddock, R. Cameron and Bellec, Pierre and Margulies, Daniel S. and Nichols, B. Nolan and Pfannm{\"o}ller, J{\"o}rg P.},
  issn="2047-217X",
  doi="10.1186/s13742-016-0147-0",
  url="http://dx.doi.org/10.1186/s13742-016-0147-0",
  note={[\href{http://dx.doi.org/10.1186/s13742-016-0147-0}{DOI:10.1186/s13742-016-0147-0}] \textcolor{richblue}{[\href{http://fcon_1000.projects.nitrc.org/}{Data Sharing}]}}
}

@incollection{craddock2016c,
  author       = {{\textbf{Craddock}}, {\textbf{R. Cameron}} and Daniel J Clark},
  title        = {Optimized implementations of voxel-wise degree centrality and local functional connectivity density mapping in {A}{F}{N}{I}},
  booktitle    = {2015 Brainhack Proceedings},
  publisher    = {GigaScience Journal},
  year         = 2016,
  editor       = {Craddock, R. Cameron and Bellec, Pierre and Margulies, Daniel S. and Nichols, B. Nolan and Pfannm{\"o}ller, J{\"o}rg P.},
  issn="2047-217X",
  doi="10.1186/s13742-016-0147-0",
  url="http://dx.doi.org/10.1186/s13742-016-0147-0",
  note={[\href{http://dx.doi.org/10.1186/s13742-016-0147-0}{DOI:10.1186/s13742-016-0147-0}] \textcolor{richorange}{[\href{https://github.com/afni/afni}{Open Source}]} \textcolor{richred}{[\href{http://biorxiv.org/content/early/2016/08/05/067702}{Preprint}]}}
}

@article {OConnor2017,
	author = {David O’Connor and Natan Vega Potler and Meagan Kovacs and Ting Xu and Lei Ai and John Pellman and Tamara Vanderwal and Lucas Parra and Samantha Cohen and Satrajit Ghosh and Jasmine Escalera and Natalie Grant-Villegas and Yael Osman and Anastasia Bui and {\textbf{Craddock}}, {\textbf{R. Cameron}} and Michael P. Milham},
	title = {The healthy brain network serial scanning initiative: a resource for evaluating inter-individual differences and their reliabilities across scan conditions and sessions.},
	year = {2017},
	URL = {https://doi.org/10.1093/gigascience/giw011},
	eprint = {http://biorxiv.org/content/early/2016/10/03/078881},
	journal = {Gigascience},
  note={[\href{https://doi.org/10.1093/gigascience/giw011}{DOI:10.1093/gigascience/giw011}] [\href{https://www.ncbi.nlm.nih.gov/pubmed/28369458}{PMID: 28369458}] \textcolor{richblue}{[\href{http://fcon_1000.projects.nitrc.org/indi/enhanced/}{Data Sharing}]} \textcolor{richred}{[\href{http://biorxiv.org/content/early/2016/10/03/078881}{Preprint}]}}
}

@article {DiMartino2017,
	author = {Di Martino, Adriana and O'Connor, David and Chen, Bosi and Alaerts, Kaat and Anderson, Jeffrey and Assaf, Michal and Balsters, Joshua and Baxter, Leslie and Beggiato, Anita and Bernaerts, Sylvie and Blanken, Laura and Bookheimer, Susan and Braden, Blair B. and Byrge, Lisa and Castellanos, Francisco and Dapretto, Mirella and Delorme, Richard and Fair, Damien and Fishman, Inna and Fitzgerald, Jacqueline and Gallagher, Louise and Keehn, R. Joanne Jao and Kennedy, Dan and Lainhart, Janet and Luna, Beatriz and Mostofsky, Stewart and Müller, Ralph-Axel and Nebel, Mary Beth and Nigg, Joel and O'Hearn, Kirsten and Solomon, Marjorie and Toro, Roberto and Vaidya, Chandan and Wenderoth, Nici and White, Tonya and {\textbf{Craddock}}, {\textbf{R. Cameron}} and Lord, Catherine and Leventhal, Bennett and Milham, Michael},
	title = {Enhancing studies of the connectome in autism using the Autism Brain Imaging Data Exchange II},
	year = {2017},
	journal = {Scientific Data},
  volume = {4},
  note={[\href{https://dx.doi.org/10.1038%2Fsdata.2017.10}{DOI:10.1038/sdata.2017.10}] [\href{https://www.ncbi.nlm.nih.gov/pubmed/28291247}{PMID: 28291247}] \textcolor{richblue}{[\href{http://dx.doi.org/10.15387/FCP_INDI.ABIDE2}{Data Sharing}]} \textcolor{richgreen}{[\href{https://www.ncbi.nlm.nih.gov/pmc/articles/PMC5349246/}{Open Access}]}}
}

@article{Gorgolewski2017,
    author = {Gorgolewski, Krzysztof J. AND Alfaro-Almagro, Fidel AND Auer, Tibor AND Bellec, Pierre AND Capot\u{a}, Mihai AND Chakravarty, M. Mallar AND Churchill, Nathan W. AND Cohen, Alexander Li AND {\textbf{Craddock}}, {\textbf{R. Cameron}} AND Devenyi, Gabriel A. AND Eklund, Anders AND Esteban, Oscar AND Flandin, Guillaume AND Ghosh, Satrajit S. AND Guntupalli, J. Swaroop AND Jenkinson, Mark AND Keshavan, Anisha AND Kiar, Gregory AND Liem, Franziskus AND Raamana, Pradeep Reddy AND Raffelt, David AND Steele, Christopher J. AND Quirion, Pierre-Olivier AND Smith, Robert E. AND Strother, Stephen C. AND Varoquaux, Ga\"{e}l AND Wang, Yida AND Yarkoni, Tal AND Poldrack, Russell A.},
    journal = {PLOS Computational Biology},
    publisher = {Public Library of Science},
    title = {BIDS apps: Improving ease of use, accessibility, and reproducibility of neuroimaging data analysis methods},
    year = {2017},
    month = {03},
    volume = {13},
    url = {http://dx.doi.org/10.1371%2Fjournal.pcbi.1005209},
    pages = {1-16},
    abstract = {Author summary Magnetic Resonance Imaging (MRI) is a non-invasive way to measure human brain structure and activity that has been used for over 25 years. There are thousands MRI studies performed every year generating a substantial amount of data. At the same time, many new data analysis methods are being developed every year. The potential of using new analysis methods on the variety of existing and newly acquired data is hindered by difficulties in software deployment and lack of support for standardized input data. Here we propose to use container technology to make deployment of a wide range of data analysis techniques easy. In addition, we adapt the existing data analysis tools to interface with data organized in a standardized way. We hope that this approach will enable researchers to access a wider range of methods when analyzing their data which will lead to accelerated progress in human neuroscience.},
    number = {3},
    doi = {10.1371/journal.pcbi.1005209},
    note={[\href{http://dx.doi.org/10.1371/journal.pcbi.1005209}{DOI:10.1371/journal.pcbi.1005209}] [\href{https://www.ncbi.nlm.nih.gov/pubmed/28278228}{PMID: 28278228}] \textcolor{richorange}{[\href{http://bids-apps.neuroimaging.io/}{Open Source}]} \textcolor{richred}{[\href{http://biorxiv.org/content/early/2016/08/05/067702}{Preprint}]}}
}

@article{VanDam2017484,
title = "Data-Driven Phenotypic Categorization for Neurobiological Analyses: Beyond DSM-5 Labels ",
journal = "Biological Psychiatry ",
volume = "81",
number = "6",
pages = "484 - 494",
year = "2017",
issn = "0006-3223",
doi = "http://dx.doi.org/10.1016/j.biopsych.2016.06.027",
url = "http://www.sciencedirect.com/science/article/pii/S0006322316325860",
author = "Nicholas T. Van Dam and David O’Connor and Enitan T. Marcelle and Erica J. Ho and R. Cameron Craddock and Russell H. Tobe and Vilma Gabbay and James J. Hudziak and F. Xavier Castellanos and Bennett L. Leventhal and Michael P. Milham",
keywords = "Hierarchical clustering",
keywords = "Multivariate distance matrix regression",
keywords = "Phenotypes",
keywords = "Psychopathology",
keywords = "RDoC",
keywords = "Resting state fMRI ",
abstract = "AbstractBackground Data-driven approaches can capture behavioral and biological variation currently unaccounted for by contemporary diagnostic categories, thereby enhancing the ability of neurobiological studies to characterize brain-behavior relationships. Methods A community-ascertained sample of individuals (N = 347, 18–59 years of age) completed a battery of behavioral measures, psychiatric assessment, and resting-state functional magnetic resonance imaging in a cross-sectional design. Bootstrap-based exploratory factor analysis was applied to 49 phenotypic subscales from 10 measures. Hybrid hierarchical clustering was applied to resultant factor scores to identify nested groups. Adjacent groups were compared via independent samples t tests and chi-square tests of factor scores, syndrome scores, and psychiatric prevalence. Multivariate distance matrix regression examined functional connectome differences between adjacent groups. Results Reduction yielded six factors, which explained 77.8% and 65.4% of the variance in exploratory and constrained exploratory models, respectively. Hybrid hierarchical clustering of these six factors identified two, four, and eight nested groups (i.e., phenotypic communities). At the highest clustering level, the algorithm differentiated functionally adaptive and maladaptive groups. At the middle clustering level, groups were separated by problem type (maladaptive groups; internalizing vs. externalizing problems) and behavioral type (adaptive groups; sensation-seeking vs. extraverted/emotionally stable). Unique phenotypic profiles were also evident at the lowest clustering level. Group comparisons exhibited significant differences in intrinsic functional connectivity at the highest clustering level in somatomotor, thalamic, basal ganglia, and limbic networks. Conclusions Data-driven approaches for identifying homogenous subgroups, spanning typical function to dysfunction, not only yielded clinically meaningful groups, but also captured behavioral and neurobiological variation among healthy individuals. ",
note={[\href{http://dx.doi.org/10.1016/j.biopsych.2016.06.027}{DOI:10.1016/j.biopsych.2016.06.027}] [\href{http://www.ncbi.nlm.nih.gov/pubmed/27667698}{PMID:27667698}] \textcolor{richgreen}{[\href{http://www.biologicalpsychiatryjournal.com/article/S0006-3223(16)32586-0/pdf}{Open Access}]} \textcolor{richred}{[\href{http://biorxiv.org/content/early/2016/05/06/051789}{Preprint}]}}
}

@article{Liem2017179,
title = "Predicting brain-age from multimodal imaging data captures cognitive impairment ",
journal = "NeuroImage ",
volume = "148",
number = "",
pages = "179 - 188",
year = "2017",
issn = "1053-8119",
doi = "http://dx.doi.org/10.1016/j.neuroimage.2016.11.005",
url = "http://www.sciencedirect.com/science/article/pii/S1053811916306103",
author = "Franziskus Liem and Gaël Varoquaux and Jana Kynast and Frauke Beyer and Shahrzad Kharabian Masouleh and Julia M. Huntenburg and Leonie Lampe and Mehdi Rahim and Alexandre Abraham and R. Cameron Craddock and Steffi Riedel-Heller and Tobias Luck and Markus Loeffler and Matthias L. Schroeter and Anja Veronica Witte and Arno Villringer and Daniel S. Margulies",
keywords = "Machine learning",
keywords = "Head motion",
keywords = "Cognition",
keywords = "Biomarker ",
abstract = "Abstract The disparity between the chronological age of an individual and their brain-age measured based on biological information has the potential to offer clinically relevant biomarkers of neurological syndromes that emerge late in the lifespan. While prior brain-age prediction studies have relied exclusively on either structural or functional brain data, here we investigate how multimodal brain-imaging data improves age prediction. Using cortical anatomy and whole-brain functional connectivity on a large adult lifespan sample (N=2354, age 19–82), we found that multimodal data improves brain-based age prediction, resulting in a mean absolute prediction error of 4.29 years. Furthermore, we found that the discrepancy between predicted age and chronological age captures cognitive impairment. Importantly, the brain-age measure was robust to confounding effects: head motion did not drive brain-based age prediction and our models generalized reasonably to an independent dataset acquired at a different site (N=475). Generalization performance was increased by training models on a larger and more heterogeneous dataset. The robustness of multimodal brain-age prediction to confounds, generalizability across sites, and sensitivity to clinically-relevant impairments, suggests promising future application to the early prediction of neurocognitive disorders. ",
  Note={[\href{https://www.ncbi.nlm.nih.gov/pubmed/27890805}{PMID: 27890805}] \textcolor{richred}{[\href{http://biorxiv.org/content/early/2016/11/07/085506}{Preprint}]}}
}


@article{Abraham2017736,
title = "Deriving reproducible biomarkers from multi-site resting-state data: An Autism-based example ",
journal = "NeuroImage ",
volume = "147",
number = "",
pages = "736 - 745",
year = "2017",
issn = "1053-8119",
doi = "http://dx.doi.org/10.1016/j.neuroimage.2016.10.045",
url = "http://www.sciencedirect.com/science/article/pii/S1053811916305924",
author = "Alexandre Abraham and Michael P. Milham and Adriana Di Martino and R. Cameron Craddock and Dimitris Samaras and Bertrand Thirion and Gael Varoquaux",
keywords = "Data heterogeneity",
keywords = "Resting-state fMRI",
keywords = "Data pipelines",
keywords = "Biomarkers",
keywords = "Connectome",
keywords = "Autism spectrum disorders ",
abstract = "Abstract Resting-state functional Magnetic Resonance Imaging (R-fMRI) holds the promise to reveal functional biomarkers of neuropsychiatric disorders. However, extracting such biomarkers is challenging for complex multi-faceted neuropathologies, such as autism spectrum disorders. Large multi-site datasets increase sample sizes to compensate for this complexity, at the cost of uncontrolled heterogeneity. This heterogeneity raises new challenges, akin to those face in realistic diagnostic applications. Here, we demonstrate the feasibility of inter-site classification of neuropsychiatric status, with an application to the Autism Brain Imaging Data Exchange (ABIDE) database, a large (N=871) multi-site autism dataset. For this purpose, we investigate pipelines that extract the most predictive biomarkers from the data. These R-fMRI pipelines build participant-specific connectomes from functionally-defined brain areas. Connectomes are then compared across participants to learn patterns of connectivity that differentiate typical controls from individuals with autism. We predict this neuropsychiatric status for participants from the same acquisition sites or different, unseen, ones. Good choices of methods for the various steps of the pipeline lead to 67% prediction accuracy on the full \{ABIDE\} data, which is significantly better than previously reported results. We perform extensive validation on multiple subsets of the data defined by different inclusion criteria. These enables detailed analysis of the factors contributing to successful connectome-based prediction. First, prediction accuracy improves as we include more subjects, up to the maximum amount of subjects available. Second, the definition of functional brain areas is of paramount importance for biomarker discovery: brain areas extracted from large R-fMRI datasets outperform reference atlases in the classification tasks. ",
    Note={[\href{https://www.ncbi.nlm.nih.gov/pubmed/27865923}{PMID: 27865923}] \textcolor{richred}{[\href{http://biorxiv.org/content/early/2016/09/19/075853}{Preprint}]}}
}

