@conference{talkCraddock2005,
    address = {Atlanta, GA},
    author = {{\textbf{R. Cameron}} {\textbf{Craddock}}},
    booktitle = {Intel Opportunity Scholars Program, Georgia Institute of Technology},
    owner = {Richard Craddock},
    timestamp = {2008.10.14},
    title = {Computing in Biology},
    year = {2005}
}

@conference{talkCraddock2006,
    address = {Atlanta, GA},
    author = {{\textbf{R. Cameron}} {\textbf{Craddock}}},
    booktitle = {Intel Opportunities Scholars Program, Georgia Institute of Technology},
    owner = {Richard Craddock},
    timestamp = {2008.10.14},
    title = {Computing for Public Health},
    year = {2006}
}

@conference{talkCraddock2006a,
    address = {Canberra, AU},
    author = {{\textbf{R. Cameron}} {\textbf{Craddock}} and Gurbaxani, Brian M.
and Vernon, Suzanne D.},
    booktitle = {BioInfoSummer},
    owner = {Richard Craddock},
    timestamp = {2008.10.14},
    title = {Evaluation of single channel oligonucleotide preprocessing pipelines
using predictability and reproducibility},
    year = {2006}
}

@conference{talkCraddock2006b,
    address = {Cold Spring Harbor, NY},
    author = {{\textbf{R. Cameron}} {\textbf{Craddock}} and Taylor, Renee and Broderick, Gordon and Whistler, Toni and Klimas, Nancy and Unger, Elizabeth R.},
    booktitle = {CFS Computation Challenge, Banbury Conference Center, Cold Springs
Harbor Lab},
    owner = {Richard Craddock},
    timestamp = {2008.10.14},
    title = {Exploration of statistical dependence between illness parameters
using the Entropy Correlation Coefficient},
    year = {2006}
}

@conference{talkCraddock2009,
    address = {San Francisco, CA},
    author = {{\textbf{R. Cameron}} {\textbf{Craddock}} and Paul E. Holtzheimer
and Xiaoping P. Hu and Helen S. Mayberg},
    booktitle = {Proceedings OHBM 15th Annual Meeting},
    owner = {cameron},
    timestamp = {2012.02.08},
    title = {Disease state prediction from resting state fMRI},
    year = {2009}
}

@conference{talkCraddock2010,
    address = {Leipzig, Germany},
    author = {{\textbf{R. Cameron}} {\textbf{Craddock}}},
    booktitle = {Max Planck Institute},
    owner = {cameron},
    timestamp = {2012.02.08},
    title = {Applications of MVPA to the analysis of resting state fMRI data:
Disease state prediction, brain state prediction, and real-time fMRI},
    year = {2010}
}

@conference{talkCraddock2010a,
    address = {Magdeburg, Germany},
    author = {{\textbf{R. Cameron}} {\textbf{Craddock}}},
    booktitle = {Otto von Guericke University},
    owner = {cameron},
    timestamp = {2012.02.08},
    title = {Applications of MVPA to the analysis of resting state fMRI data:
Disease state prediction, brain state prediction, and real-time fMRI},
    year = {2010}
}

@conference{talkCraddock2010b,
    address = {Modena, Italy},
    author = {{\textbf{R. Cameron}} {\textbf{Craddock}}},
    booktitle = {University of Modena and Reggio Emilia},
    owner = {cameron},
    timestamp = {2012.02.08},
    title = {Applications of MVPA to the analysis of resting state fMRI data:
Disease state prediction, brain state prediction, and real-time fMRI},
    year = {2010}
}

@conference{talkCraddock2010c,
    address = {Atlanta, GA},
    author = {{\textbf{R. Cameron}} {\textbf{Craddock}}},
    booktitle = {Brain Imaging Series Lecture, Center for Advanced Brain Imaging},
    owner = {cameron},
    timestamp = {2012.02.08},
    title = {Applications of MVPA to the analysis of resting state fMRI data:
Disease state prediction, brain state prediction, and real-time fMRI},
    year = {2010}
}

@conference{talkCraddock2010d,
    address = {New York, NY},
    author = {{\textbf{R. Cameron}} {\textbf{Craddock}}},
    booktitle = {New York University Child Study Center},
    owner = {cameron},
    timestamp = {2012.02.08},
    title = {Applying MVPA to fMRI},
    year = {2010}
}

@conference{talkCraddock2010e,
    address = {Milwaukee, MI},
    author = {{\textbf{R. Cameron}} {\textbf{Craddock}} and Daniel S. Margulies},
    booktitle = {Proceedings Second Biennial International Conference on Resting State
Connectivity},
    owner = {cameron},
    timestamp = {2012.02.08},
    title = {What is the Neuro Bureau?},
    year = {2010}
}

@conference{talkCraddock2012a,
    address = {Beijing},
    author = {{\textbf{R. Cameron}} {\textbf{Craddock}} and
Jonathan M. Lisinski and Pearl Chiu and Helen S. Mayberg and Stephen M. LaConte},
    booktitle = {Proceedings Organization of Human Brain Mapping 18th Annual Meeting},
    owner = {Richard Craddock},
    timestamp = {2012.02.08},
    title = {Real-time tracking and biofeedback of the default mode network},
    year = {2012}
}

@conference{talkCraddock2012b,
    address = {Beijing},
    author = {{\textbf{R. Cameron}} {\textbf{Craddock}}},
    booktitle = {Educational Workshop, Proceedings Organization of Human Brain Mapping
18th Annual Meeting},
    owner = {Richard Craddock},
    timestamp = {2012.02.08},
    title = {Tracking Resting State Networks in Real Time},
    year = {2012}
}

@conference{talkCraddock2012c,
    address = {Magdeburg, Germany},
    author = {{\textbf{R. Cameron}} {\textbf{Craddock}} and Jonathan M. Lisinski
and Stephen LaConte},
    booktitle = {Proceedings Third Biennial International Conference on Resting-State
Functional Connectivity},
    owner = {Richard Craddock},
    title = {Online denoising strategies for real-time tracking default mode network
activity},
    year = {2012}
}

@conference{talkCraddock2012d,
    address = {Paris, France},
    author = {{\textbf{R. Cameron}} {\textbf{Craddock}}},
    booktitle = {The systematic and automated analysis of the large functional brain databases of papers},
    owner = {Richard Craddock},
    title = {The current state of resting state literature},
    year = {2012}
}

@conference{talkCraddock2013a,
    address = {Seattle},
    author = {{\textbf{R. Cameron}} {\textbf{Craddock}}},
    booktitle = {Neuroimaging ``Big Data'' Challenges and Computational Workflow
Solutions Educational Workshop, Proceedings Organization of Human Brain
Mapping 19th Annual Meeting},
    owner = {Richard Craddock},
    title = {The Configurable Pipeline for the Analysis of Connectomes},
    year = {2013}
}

@conference{talkCraddock2013INCF,
    address = {Stockholm, Sweden},
    author = {{\textbf{R. Cameron}} {\textbf{Craddock}}},
    booktitle = {Neuroinformatics 2013},
    owner = {Richard Craddock},
    title = {{T}he {N}euro {B}ureau {P}reprocessing {I}nitiative:
open sharing of preprocessed neuroimaging
data and derivatives},
    year = {2013}
}

@conference{talkCraddock2014a,
    address = {New Haven, Connecticut},
    author = {{\textbf{R. Cameron}} {\textbf{Craddock}}},
    booktitle = {Yale University Magnetic Resonance Research Center fMRI Speaker Series},
    owner = {Richard Craddock},
    title = {Using RealTime fMRI Based Neurofeedback To Probe Default Network Regulation},
    year = {2014}
}

@conference{talkCraddock2014b,
    address = {New York, NY},
    author = {{\textbf{R. Cameron}} {\textbf{Craddock}}},
    booktitle = {Pioneering Frontiers in Functional Brain Imaging for Psychiatry Symposium, Society of Biomedical Psychiatry 69th Annual Meeting},
    owner = {Richard Craddock},
    title = {Using Real-Time fMRI Based Neurofeedback to Probe Default Network Regulation},
    year = {2014}
}

@conference{talkCraddock2015AACAP,
    address = {San Antonio, Texas},
    author = {{\textbf{R. Cameron}} {\textbf{Craddock}}},
    booktitle = {Proceedings of the 62$^{nd}$ Annual Meeting of the American Academy of Child and Adolescent Psychiatry},
    owner = {Richard Craddock},
    title = {Using RealTime fMRI Based Neurofeedback To Probe Default Network Regulation},
    year = {2015}
}

@conference{talkCraddock2015incf,
    abstract = {},
    address = {Cairns, Australia},
    author = {{\textbf{R. Cameron}} {\textbf{Craddock}}},
    booktitle = {Neuroinformatics 2015},
    doi = {10.3389/conf.fnins.2015.91.00047},
    issn = {1662-453X},
    link = {http://www.frontiersin.org/neuroscience/10.3389/conf.fnins.2015.91.00047/full},
    title = {The {P}reprocessed {C}onnectomes {P}roject {Q}uality {A}ssessment {P}rotocol -
a resource for measuring the quality of {MRI} data},
    volume = {},
    year = {2015}
}

@conference{talkCraddock2015OHBM,
    address = {Honolulu, Hawaii},
    author = {{\textbf{R. Cameron}} {\textbf{Craddock}}},
    booktitle = {OHBM Hackathon, Proceedings Organization of Human Brain Mapping {21$^{st}$} Annual Meeting},
    owner = {Richard Craddock},
    title = {Open science resources for analyzing brain connectivity},
    year = {2015}
}

@conference{talkCraddock2015OHBMb,
    address = {Honolulu, Hawaii},
    author = {{\textbf{R. Cameron}} {\textbf{Craddock}}},
    booktitle = {Brainhacking educational course, Proceedings Organization of Human Brain Mapping {21$^{st}$} Annual Meeting},
    owner = {Richard Craddock},
    title = {Analyzing {C}onnectomes in the {C}loud},
    year = {2015}
}

@conference{talkCraddock2015USC,
    address = {Los Angeles, California},
    author = {{\textbf{R. Cameron}} {\textbf{Craddock}}},
    booktitle = {Neuroimaging and Informatics Institute Seminar, Fall 2015},
    owner = {Richard Craddock},
    title = {Open science resources for addressing `Big Data' challenges in psychiatric neuroimaging},
    year = {2015}
}

@conference{talkCraddock2016AACAP,
    address = {New York, New York},
    author = {{\textbf{R. Cameron}} {\textbf{Craddock}}},
    booktitle = {63rd Annual Meeting of the American Academy of Child \& Adolescent Psychiatry},
    note = {\textcolor{richgreen}{[\href{http://www.slideshare.net/CameronCraddock/using-realtime-fmri-based-neurofeedback-to-probe-default-network-regulation-71227319}{Slides}]}},
    owner = {Richard Craddock},
    title = {Advanced Neuroimaging Techniques for Assessing Brain Development},
    year = {2016}
}

@conference{talkCraddock2016OHBM,
    address = {Geneva, Switzerland},
    author = {{\textbf{R. Cameron}} {\textbf{Craddock}}},
    booktitle = {Proceedings Organization of Human Brain Mapping {22nd} Annual Meeting},
    note = {\textcolor{richgreen}{[\href{http://www.slideshare.net/CameronCraddock/head-motion-in-fmri}{Slides}]}},
    owner = {Richard Craddock},
    title = {Impact of Motion on Resting State fMRI and Functional Connectivity},
    year = {2016}
}

@conference{talkCraddock2016PUCRS,
    address = {Porto Alegre, Brazil},
    author = {{\textbf{R. Cameron}} {\textbf{Craddock}}},
    booktitle = {PUCRS Department of Computer Science Speaker Series},
    note = {\textcolor{richgreen}{[\href{http://www.slideshare.net/CameronCraddock/computational-approaches-for-mapping-the-human-connectome}{Slides}]}},
    owner = {Richard Craddock},
    title = {Computational Approaches for Mapping the Human Connectome},
    year = {2016}
}

@conference{talkCraddock2016RSW,
    address = {Austria, Vienna},
    author = {{\textbf{R. Cameron}} {\textbf{Craddock}}},
    booktitle = {2016 Resting State and Brain Connectivity Conference Symposium ``The Emerging Field of Predictive Analytics in Neuroimaging: Applications, Challenges and Perspectives''},
    note = {\textcolor{richgreen}{[\href{http://www.slideshare.net/CameronCraddock/prediction-analysis-in-clinical-and-basic-neuroscience}{Slides}]}},
    owner = {Richard Craddock},
    title = {Prediction Analysis in Clinical and Basic Neuroscience},
    year = {2016}
}

@conference{talkCraddock2016SXSW,
    address = {Austin, Texas},
    author = {{\textbf{R. Cameron}} {\textbf{Craddock}} and Margulies, Daniel S.},
    booktitle = {Proceedings of 2016 South by Southwest (SXSW) Interactive Festival},
    owner = {Richard Craddock},
    title = {{P}imp {M}y {B}rain: {A} {C}rash {C}ourse in {D}{I}{Y} {B}rainhacking},
    year = {2016}
}

@conference{talkCraddock2016UAB,
    address = {Birmingham, Alabama},
    author = {{\textbf{R. Cameron}} {\textbf{Craddock}}},
    booktitle = {2016 The University of Alabama at Birmingham Visual Brain Core Seminar Series},
    note = {\textcolor{richgreen}{[\href{http://www.slideshare.net/CameronCraddock/pcp-quality-assessment-protocol}{Slides}]}},
    owner = {Richard Craddock},
    title = {The {P}reprocessed {C}onnectomes {P}roject {Q}uality {A}ssessment {P}rotocol},
    year = {2016}
}

@conference{talkCraddock2016UIUC,
    address = {Chicago, Illinois},
    author = {{\textbf{R. Cameron}} {\textbf{Craddock}}},
    booktitle = {University of Illinois at Chicago Behavioral Neuroscience Seminar Series},
    owner = {{Richard Craddock}, Note={\textcolor{richgreen}{[\href{http://www.slideshare.net/CameronCraddock/using-realtime-fmri-based-neurofeedback-to-probe-default-network-regulation}{Slides}]}}},
    title = {Using RealTime fMRI Based Neurofeedback To Probe Default Network Regulation},
    year = {2016}
}

@conference{talkCraddock2016Whistler,
    address = {Whistler-Blackcomb, British Columbia, Canada},
    author = {{\textbf{R. Cameron}} {\textbf{Craddock}}},
    booktitle = {Proceedings of the 3$^{rd}$ {W}histler {S}cientfic {W}orkshop: {B}rain {F}unctional {O}rganization, {C}onnectivity, and {B}ehavior},
    owner = {Richard Craddock},
    title = {Tracking dynamic networks in real time},
    year = {2016}
}

@conference{talkCraddock2017a,
    address = {Vancouver},
    author = {{\textbf{R. Cameron}} {\textbf{Craddock}}},
    booktitle = {Practicalities for reproducible neuro-imaging 2.0 Educational Workshop, Proceedings Organization of Human Brain Mapping 23rd Annual Meeting},
    owner = {Richard Craddock},
    title = {How to organize and share data: the Brain Imaging Data Structure},
    year = {2017}
}

@conference{talkCraddock2017b,
    address = {Vancouver},
    author = {{\textbf{R. Cameron}} {\textbf{Craddock}}},
    booktitle = {Student / Post Doc SIG Mentorship and Career Development Symposium, Proceedings Organization of Human Brain Mapping 23rd Annual Meeting},
    owner = {Richard Craddock},
    title = {Strategies for building a grant portfolio},
    year = {2017}
}

@conference{talkCraddock2017SXSW,
    address = {Austin, Texas},
    author = {{\textbf{R. Cameron}} {\textbf{Craddock}} and Daighar, Alain and Finn, Emily S. and Margulies, Daniel S. and Rosenberg, Monica},
    booktitle = {Proceedings of 2017 South by Southwest (SXSW) Interactive Festival},
    owner = {Richard Craddock},
    title = {Can You Lie to MRI? The Science of Mind Reading},
    year = {2017}
}

@conference{talkCraddock2017UMD,
    address = {Baltimore, Maryland},
    author = {{\textbf{R. Cameron}} {\textbf{Craddock}}},
    booktitle = {Maryland Neuroimaging Retreat - Pain Neuroimagng Advances and Controversies},
    owner = {Richard Craddock},
    title = {Tracking Network Dynamics in Real Time},
    year = {2017}
}


@conference{talkCraddock2018Aus,
    address = {Melbourne, Australia},
    author = {{\textbf{R. Cameron}} {\textbf{Craddock}}},
    booktitle = {The 2018 Australian Connectomics School},
    owner = {Richard Craddock},
    title = {Building Functional Connectomes},
    year = {2018}
}

@conference{talkCraddock2018UFCSPA,
    address = {Port Alegre, Brazil},
    author = {{\textbf{R. Cameron}} {\textbf{Craddock}}},
    booktitle = {Federal University of Health Sciences of Porto Alegre},
    owner = {Richard Craddock},
    title = {Computational Neuroimaging Approaches to Studying the Human Connectome in Psychiatric Disorders},
    year = {2018}
}

@conference{talkCraddock2018USC,
    address = {Los Angeles, California},
    author = {{\textbf{R. Cameron}} {\textbf{Craddock}}},
    booktitle = {The University of Southern California Stevens Neuroimagng and Informatics Institute},
    owner = {Richard Craddock},
    title = {Computational Neuroimaging Approaches to Studying the Human Connectome in Neuropsychiatric Disorders},
    year = {2018}
}

@conference{talkCraddock2018ECE,
    address = {Austin, Texas},
    author = {{\textbf{R. Cameron}} {\textbf{Craddock}}},
    booktitle = {The University of Texas at Austin School of Electrical and Computer Engineering Colloquia},
    owner = {Richard Craddock},
    title = {Computational Neuroimaging Approaches to Studying the Human Connectome in Psychiatric Disorders},
    year = {2018}
}

@conference{talkCraddock2018ASNR,
    address = {Vancouver},
    author = {{\textbf{R. Cameron}} {\textbf{Craddock}}},
    booktitle = {ASNR 56th Annual Meeting, ASFNR Programming: Value of Neuroimaging for Psychiatric Disorders},
    owner = {Richard Craddock},
    title = {Computational Approach in NeuroPsychiatric Imaging},
    year = {2018}
}

@conference{talkCraddock2019OHBM,
    address = {Singapore},
    author = {{\textbf{R. Cameron}} {\textbf{Craddock}}},
    booktitle = {Reusing Public Neuroimaging Datasets Half Day Morning Course, Proceedings Organization of Human Brain Mapping 24th Annual Meeting},
    owner = {Richard Craddock},
    title = {Reusing Public Neuroimaging Datasets},
    year = {2017}
}

@conference{talkCraddock2019grandrounds,
    address = {Austin, Texas},
    author = {{\textbf{R. Cameron}} {\textbf{Craddock}}},
    booktitle = {Department of Diagnostic Medicine Grand Rounds},
    owner = {Richard Craddock},
    title = {Image Analysis Research in Diagnostic Medicine},
    year = {2019}
}

@conference{talkCraddock2019Haifa,
    address = {Haifa, Isreal},
    author = {{\textbf{R. Cameron}} {\textbf{Craddock}}},
    booktitle = {University of Haifa Neuroscience Retreat},
    owner = {Richard Craddock},
    title = {Computational approaches to Neuropsychiatry},
    year = {2019}
}

@conference{talkCraddock2019Neurohackweek,
    address = {Washington, Seattle},
    author = {{\textbf{R. Cameron}} {\textbf{Craddock}}},
    booktitle = {NeuroHackweek 2019},
    owner = {Richard Craddock},
    title = {{FMRI} Preprocessing},
    year = {2019}
}