% This file was created with JabRef 2.7.2.
% Encoding: Cp1252

@INPROCEEDINGS{absCraddock2005,
  author = {{\textbf{Craddock}},{\textbf{R. Cameron}} and Aslakson, Eric and
	Vernon, Suzanne D.},
  title = {Development of a gene expression microarray database for flexible
	data processing, analysis, and archiving.},
  booktitle = {CDC Genomics Day},
  year = {2005},
  address = {Atlanta},
  owner = {Richard Craddock},
  timestamp = {2008.10.14}
}

@INPROCEEDINGS{absTiller2005,
  author = {Tiller, Matthew and Aslakson, Eric and {\textbf{Craddock}},{\textbf{R.
	Cameron}} and Vernon, Suzanne D.},
  title = {Development of a text mining tool that provides gene informatino
	in specific disease and biological context.},
  booktitle = {13th Annual International Conference on Intelligent Systems for Molecular
	Biology},
  year = {2005},
  address = {Detriot},
  owner = {Richard Craddock},
  timestamp = {2008.10.14}
}

@INPROCEEDINGS{absCraddock2006,
  author = {{\textbf{Craddock}},{\textbf{R. Cameron}} and Masalovich, Svetlana
	and Pelter, Scott J. and Hu, Xiaoping P. and Mayberg, Helen S.},
  title = {Multivariate analysis of resting state {fMRI} in major depression
	using {SeedPLS}.},
  booktitle = {Proceedings 14th Scientific Meeting, International Society for Magnetic
	Resonance in Medicine},
  year = {2006},
  pages = {2850},
  address = {Seattle},
  abstract = {Functional connectivity was compared between CBF and BOLD for networks
	associated with depression. Overall there was consensus with striking
	differences.},
  owner = {Richard Craddock},
  timestamp = {2008.10.14}
}

@INPROCEEDINGS{absWhistler2006,
  author = {Whistler, Toni and Taylor, Renee and {\textbf{Craddock}},{\textbf{R.
	Cameron}} and Broderick, Gordon and Klimas, Nancy and Unger, Elizabeth
	R.},
  title = {Gene expression correlates of unexplained fatigue},
  booktitle = {Experimental Biology},
  year = {2006},
  address = {San Francisco},
  owner = {Richard Craddock},
  timestamp = {2008.10.14}
}

@INPROCEEDINGS{absCraddock2007,
  author = {{\textbf{Craddock}},{\textbf{R. Cameron}} and Pelter, Scott J. and
	Holtzheimer Paul E. and Hu, Xiaoping P. and Mayberg, Helen S.},
  title = {The {Cg25} Resting State Network.},
  booktitle = {Proceedings Organization for Human Brain Mapping 13th Annual Meeting},
  year = {2007},
  pages = {260, M-PM},
  address = {Chicago},
  owner = {Richard Craddock},
  timestamp = {2008.10.14}
}

@INPROCEEDINGS{absHoltzheimer2007,
  author = {Holtzheimer, Paul E. and Choi, KiSueng and Gutman, David A. and {\textbf{Craddock}},
	{\textbf{R. Cameron}} and Mayberg, Helen S.},
  title = {Investigating Neural Network Abnormalities in Late-Life Depression},
  booktitle = {Seeking Biomarkers of Aging and Diseases of Aging, An American Federation
	of Aging Research Conference},
  year = {2007},
  address = {New York},
  owner = {Richard Craddock},
  timestamp = {2008.10.14}
}

@INPROCEEDINGS{absJames2007,
  author = {James, G. Andy and La Conte, Stephen M. and {\textbf{Craddock}},{\textbf{R.
	Cameron}} and Mayberg, Helen S. and Hu, Xiaoping P.},
  title = {Structural equation modeling of resting-state temporal lobe functional
	connectivity.},
  booktitle = {Proceedings 15th Scientific Meeting, International Society for Magnetic
	Resonance in Medicine},
  year = {2007},
  pages = {2208},
  address = {Berlin},
  owner = {Richard Craddock},
  timestamp = {2008.10.14}
}

@INPROCEEDINGS{absKelly2007,
  author = {Kelly, Mary E. and {\textbf{Craddock}},{\textbf{R. Cameron}} and
	Holtzheimer, Paul E. and Kennedy, Sidney H. and Mayberg, Helen S.},
  title = {Resting State Brain Connectivity as Predictors of Treatment Response
	in Depression},
  booktitle = {62nd Annual Scientific Convention and Program of the Society of Biological
	Psychiatry},
  year = {2007},
  address = {San Deigo},
  owner = {Richard Craddock},
  timestamp = {2008.10.14}
}

@INPROCEEDINGS{absChoi2008,
  author = {Choi, KiSueng and {\textbf{Craddock}},{\textbf{R. Cameron}} and Holtzheimer,
	Paul E. and Hu, Xiaoping P. and Mayberg, Helen S.},
  title = {White matter disruption in early- and late-onset depression: a tract-based
	spatial statistical analysis},
  booktitle = {Proceedings 16th Scientific Meeting, International Society for Magnetic
	Resonance in Medicine},
  year = {2008},
  pages = {3553},
  address = {Toronto},
  note = {Poster Award: 2nd Place},
  abstract = {We used Track-Based Spatial Statistics to assess differences in WM
	FA associated with major depressive disorder. 23 subjects were classified
	into four groups (young & old controls, young early-onset & old late-onset
	major depression). A significant reduction was found between young
	patients and young controls in interesting region which is spatially
	approximate to a target proposed for deep brain stimulation for treatment
	resistant depression. No significant differences were found between
	older controls and old patients due to a large variance in FA resulting
	from brain atrophy. These results suggest that TBSS may be useful
	for comparing white matter integrity between clinically relevant
	populations.},
  comment = {Poster Award: 2nd Place},
  owner = {Richard Craddock},
  timestamp = {2008.10.14}
}

@INPROCEEDINGS{absChoi2008a,
  author = {Choi, KiSueng. and {\textbf{Craddock}},{\textbf{R. Cameron}} and
	Holtzheimer, Paul E. and Yang, Zhi. and Hu, Xiaoping P. and Mayberg,
	Helen S.},
  title = {A Combined Functional-Structural Connectivity Analysis of Major Depression
	Using Joint Independent Components Analysis},
  booktitle = {Proceedings 16th Scientific Meeting, International Society for Magnetic
	Resonance in Medicine},
  year = {2008},
  pages = {3555},
  address = {Toronto},
  abstract = {We integrated resting state functional connectivity (FC) and fractional
	anisotropy (FA) data in a joint ICA (Ranking and Averaging ICA by
	Reproducibility) to better characterize connectivity of the subgenual
	cingulate cortex in major depression. We examined 9 controls and
	4 patients. The FC differences incorporate regions previously identified
	in a seed PLS analysis of a similar population and FA differences
	are spatially concordant with FC result areas suggesting that WM
	tracts connecting these regions may be different in depressed versus
	control subjects. These results indicate that disease related alterations
	in functional connectivity may be mediated by WM structural abnormalities.},
  owner = {Richard Craddock},
  timestamp = {2008.10.14}
}

@INPROCEEDINGS{absCraddock2008,
  author = {{\textbf{Craddock}},{\textbf{R. Cameron}} and Glielmi, Christopher
	B. and Holtzheimer, Paul E. and Hu, Xiaoping P. and Mayberg, Helen
	S.},
  title = {Discrepencies between Functional Connectivity measured with {BOLD}
	and {CBF} in Major Depressive Disorder},
  booktitle = {Proceedings 16th Scientific Meeting, International Society for Magnetic
	Resonance in Medicine},
  year = {2008},
  pages = {3599},
  address = {Toronto},
  abstract = {Functional connectivity was compared between CBF and BOLD for networks
	associated with depression. Overall there was consensus with striking
	differences.},
  owner = {Richard Craddock},
  timestamp = {2008.10.14}
}

@INPROCEEDINGS{absJames2008,
  author = {James, G. Andrew and Kelley, Mary E. and {\textbf{Craddock}},{\textbf{R.
	Cameron}} and Holtzheimer, Paul E. and Mayberg, Helen S.},
  title = {Abnormal subgenual anterior cingulate connectivity in major depressive
	disorder.},
  booktitle = {63rd Annual Scientific Conference of the Society of Biological Psychiatry},
  year = {2008},
  address = {Washington DC},
  owner = {Richard Craddock},
  timestamp = {2008.10.14}
}

@INPROCEEDINGS{absJames2008a,
  author = {James, G. Andy and Peltier, Scott J. and {\textbf{Craddock}},{\textbf{R.
	Cameron}} and La Conte, Stephen M. and Mayberg, Helen S. and Hu,
	Xiaoping P.},
  title = {Reliable modeling of resting-state emotional networks in major depressive
	disorder: Applicability of exploratory structural equation modeling
	to small sample sizes},
  booktitle = {Proceedings 16th Scientific Meeting, International Society for Magnetic
	Resonance in Medicine},
  year = {2008},
  pages = {95},
  address = {Toronto},
  abstract = {Exploratory SEM evaluated the neural network mediating emotion for
	fMRI resting-state data with healthy (n=28) and depressed (n=5) samples.
	Jackknife and split-sample reliability testing assessed SEM validity.
	The winning model for controls consistently beat its closest rivals
	despite exclusion of 1-5 subjects. This model showed moderately negative
	influence of thalamus upon cingulate and reciprocal feedback loops
	within cingulate and within prefrontal cortices. Randomly splitting
	the sample into halves or quarters and repeating the analysis yielded
	qualitatively similar models. Yet depressed and control samples differed
	dramatically, thus demonstrating the feasibility of exploratory SEM
	for detecting functional differences despite small samples.},
  owner = {Richard Craddock},
  timestamp = {2008.10.14}
}

@INPROCEEDINGS{absMayberg2008,
  author = {Mayberg, Helen S. and {\textbf{Craddock}}, {\textbf{R. Cameron}}
	and Holtzheimer, Paul E. and Gutman, David A. and Wint, Dylan and
	Gross, Robert},
  title = {Functional connectivity models of major depression and antidepressant
	response explored using deep brain stimulation},
  booktitle = {63rd Annual Scientific Conference of the Society of Biological Psychiatry},
  year = {2008},
  address = {Washington DC},
  owner = {Richard Craddock},
  timestamp = {2008.10.14}
}

@INPROCEEDINGS{absShin2008,
  author = {Shin, Jaemin and {\textbf{Craddock}},{\textbf{R. Cameron}} and Hu,
	Xiaoping P.},
  title = {Retrospective Estimation and Correction of Long-Term Physiological
	Effects in {fMRI}},
  booktitle = {Proceedings 16th Scientific Meeting, International Society for Magnetic
	Resonance in Medicine},
  year = {2008},
  pages = {2466},
  address = {Toronto},
  abstract = {Low-frequency fluctuations in the cardiac rate and the depth and the
	rate of breathing have been identified as a significant source of
	low-frequency (<0.1 Hz) fluctuations in the BOLD signal. In this
	study, we estimate these low-frequency physiological fluctuations,
	pixel-by-pixel from BOLD timecourse by estimating the impulse responses
	of physiological processes, and correct these signal changes. The
	correlations between the resting-state fMRI timecourses and 7, and
	12 sec delayed respiration volume changes are substantially reduced
	by this approach. In the grey matter, the fraction of standard deviation
	(SD) in the original timecourse accounted for by physiological fluctuations
	was 28.09% for respiration and 12.49% for heart beat. These results
	indicate that our method is effective for removing physiology-induced
	low frequency fluctuation, which is significant in fMRI data.},
  owner = {Richard Craddock},
  timestamp = {2008.10.14}
}

@INPROCEEDINGS{absCraddock2009,
  author = {{\textbf{Craddock}},{\textbf{R. Cameron}} and Holtzheimer, Paul E.
	and Hu, Xiaoping P. and Mayberg, Helen S.},
  title = {Disease state prediction from resting state functional connectivity},
  booktitle = {Proceedings 17th Scientific Meeting, International Society for Magnetic
	Resonance in Medicine, Honolulu},
  year = {2009},
  pages = {1645},
  abstract = {Support vector classification is applied to predict disease state
	(MDD) from resting state functional connectivity. Additionally two
	feature selection methods are proposed that score features based
	on reliability. The resulting classifier was able to distinguish
	MDD from controls 100% of the time. The two reliability based feature
	selection algorithms outperform t-test filter and recursive feature
	elimination methods.},
  owner = {Richard Craddock},
  timestamp = {2009.05.27}
}

@INPROCEEDINGS{absCraddock2009a,
  author = {{\textbf{Craddock}},{\textbf{R. Cameron}} and Holtzheimer, Paul E.
	and Hu, Xiaoping P. and Mayberg, Helen S.},
  title = {Disease State Prediction from Resting State {fMRI}},
  booktitle = {Proceedings Organization of Human Brain Mapping 15th Annual Meeting},
  year = {2009},
  pages = {462, F-PM},
  address = {San Francisco},
  owner = {Richard Craddock}
}

@INPROCEEDINGS{absDeshpande2009,
  author = {Deshpande, Gopi and James, G. Andrew and {\textbf{Craddock}},{\textbf{R.
	Cameron}} and Mayberg, Helen S. and Hu, Xiaoping P.},
  title = {Predicting treatment in patients with major depression using Granger-based
	connectivity and support vector machines},
  booktitle = {Proceedings 17th Scientific Meeting, International Society for Magnetic
	Resonance in Medicine, Honolulu},
  year = {2009},
  pages = {3362},
  abstract = {Variations in effective connectivity within limbic-cortical network
	(as modeled with structural equation modeling from PET) have been
	identified in different major depressive disorder (MDD) subgroups
	associated with differential response to antidepressants. In this
	study, MDD patients were randomly assigned to one of two possible
	treatments – cognitive behavioral therapy or a drug and treated
	for 12 weeks. Granger-based effective connectivity was calculated
	from fMRI data obtained before and during treatment. Recursive cluster
	elimination with support vector machines was used to predict which
	treatment the patients were receiving based on discriminative connectivity
	features. Our results show 100% accuracy in predicting treatment.},
  owner = {Richard Craddock},
  timestamp = {2009.05.27}
}

@INPROCEEDINGS{absGlielmi2009,
  author = {Glielmi, Christopher B. and Xu, Qin and {\textbf{Craddock}}, {\textbf{R.
	Cameron}} and Hu, Xiaoping P.},
  title = {Simultaneous Acquisition of Gradient Echo / Spin Echo {BOLD} and
	Perfusion with a Separate Labeling Coil},
  booktitle = {Proceedings 17th Scientific Meeting, International Society for Magnetic
	Resonance in Medicine, Honolulu},
  year = {2009},
  pages = {4540},
  abstract = {We present a new sequence that complements arterial spin labeling
	with simultaneous acquisition of gradient echo and spin echo BOLD.
	These three contrasts have complementary characteristics and simultaneous
	acquisition facilitates comparison of each measure's specificity
	and reproducibility.},
  owner = {Richard Craddock},
  timestamp = {2009.05.27}
}

@INPROCEEDINGS{absJames2009a,
  author = {James, G. Andrew and {\textbf{Craddock}},{\textbf{R. Cameron}} and
	Kelley, Mary E. and Holtzheimer, Paul E. and Dunlop, Boadie and Nemeroff,
	Charles and Mayberg, Helen S. and Hu, Xiaoping P.},
  title = {Assessing fit of individuals to group-derived structural equation
	models of resting-state {fMRI} data},
  booktitle = {Proceedings 17th Scientific Meeting, International Society for Magnetic
	Resonance in Medicine, Honolulu},
  year = {2009},
  pages = {3364},
  abstract = {Structural equation modeling (SEM) of PET data has shown neuroanatomic
	interactions to predict major depressive disorder (MDD) patients’
	response to therapy. By taking advantage of fMRI’s high temporal
	resolution, we propose to extend this work into the domain of individual
	patients. Forty-six never treated MDD patients underwent resting-state
	fMRI scanning. The model best fitting the group was then fit to individual
	patients. Histogram analysis of individuals’ path coefficients
	demonstrate some paths (midanterior cingulate to orbitofrontal) are
	Gaussian distributed about the group value while others (midanterior
	cingulate to ventromedial prefrontal) are not, potentially indicating
	group commonalities and subgroup differences, (respectively).},
  owner = {Richard Craddock},
  timestamp = {2009.05.27}
}

@INPROCEEDINGS{absJames2009b,
  author = {James, G. Andrew and {\textbf{Craddock}},{\textbf{R. Cameron}} and
	Kelley, Mary E. and Holtzheimer, Paul E. and Dunlop, Boadie and Nemeroff,
	Charles B. and Hu, Xiaoping P. and Mayberg, Helen S.},
  title = {Assessing intersubject commonalities and differences with group-derived
	structural equation models of resting-state {fMRI} data.},
  booktitle = {Proceedings OHBM 15th Annual Meeting},
  year = {2009},
  pages = {462, F-PM; O-SU-6},
  address = {San Francisco},
  owner = {Richard Craddock},
  timestamp = {2009.08.08}
}

@INPROCEEDINGS{absShin2009,
  author = {Shin, Jaemin and {\textbf{Craddock}}, {\textbf{R. Cameron}} and Mayberg,
	Helen S. and Hu, Xiaoping P.},
  title = {Spatial and Subject Variability of Long-term Respiration Effects
	in {fMRI}},
  booktitle = {Proceedings 17th Scientific Meeting, International Society for Magnetic
	Resonance in Medicine, Honolulu},
  year = {2009},
  pages = {1654},
  abstract = {Physiological fluctuations due to respiration are the dominant source
	of confounding variability in BOLD fMRI. Recently low-frequency fluctuations
	in the depth and the rate of respiration have been identified as
	a source of long-term respiration effects. Respiration volume per
	time (RVT) and respiration response function (RRF) have been proposed
	as global models of respiration effects. The global models implicitly
	assume that the respiration effects are space-invariant and subject-invariant.
	We examined spatial and subject variability of long-term respiration
	effects by clustering the voxel-specific physiological impulse response
	functions and found that substantial variability in both regards
	exists.},
  owner = {Richard Craddock},
  timestamp = {2009.05.27}
}

@INPROCEEDINGS{absCraddock2010,
  author = {{\textbf{Craddock}},{\textbf{R. Cameron}} and James, G. Andrew and
	Holtzheimer, Paul E. and Hu, Xiaoping P. and Mayberg, Helen S.},
  title = {{ROI} Atlas Generation from Whole Brain Parcellation of Resting State
	{fMRI} Data},
  booktitle = {Proceedings 18th Scientific Meeting, International Society for Magnetic
	Resonance in Medicine, Stockholm},
  year = {2010},
  owner = {Richard Craddock},
}

@INPROCEEDINGS{absCraddock2010a,
  author = {{\textbf{Craddock}},{\textbf{R. Cameron}} and James, G. Andrew and
	Holtzheimer, Paul E. and Hu, Xiaoping P. and Mayberg, Helen S.},
  title = {A Whole Brain {fMRI} Atlas Generated via Spatially Constrained Spectral
	Clustering: Part {I}, Method},
  booktitle = {Proceedings Organization for Human Brain Mapping 16th Annual Meeting},
  year = {2010},
  pages = {1006, MT-PM},
  address = {Barcelona},
  owner = {Richard Craddock},
}

@INPROCEEDINGS{absCraddock2010b,
  author = {{\textbf{Craddock}},{\textbf{R. Cameron}} and LaConte, Stephen M.},
  title = {Estimation of Resting State Network Activity using Support Vector
	Regression},
  booktitle = {Proceedings Organization for Human Brain Mapping 16th Annual Meeting},
  year = {2010},
  pages = {1280, WTh-PM},
  address = {Barcelona},
  owner = {Richard Craddock},
}

@INPROCEEDINGS{absCraddock2010c,
  author = {{\textbf{Craddock}},{\textbf{R. Cameron}} and LaConte, Stephen M.},
  title = {Estimation of Resting State Network Activity using Support Vector
	Regression},
  booktitle = {Proceedings Second Biennial International Conference on Resting-State
	Functional Connectivity},
  year = {2010},
  address = {Milwaukee, MI},
  owner = {Richard Craddock},
}

@INPROCEEDINGS{absCraddock2010d,
  author = {{\textbf{Craddock}},{\textbf{R. Cameron}} and James, G. Andrew and
	Holtzheimer, Paul E. and Hu, Xiaoping P. and Mayberg, Helen S.},
  title = {A Whole Brain {fMRI} Atlas Generated via Spatially Constrained Spectral
	Clustering},
  booktitle = {Proceedings Second Biennial International Conference on Resting-State
	Functional Connectivity},
  year = {2010},
  address = {Milwaukee, MI},
  owner = {Richard Craddock},
  timestamp = {2010.06.23}
}

@INPROCEEDINGS{absJames2010,
  author = {James, G. Andrew and {\textbf{Craddock}},{\textbf{R. Cameron}} and
	Holtzheimer, Paul E. and Hu, Xiaoping P. and Mayberg, Helen S.},
  title = {A Whole Brain {fMRI} Atlas Generated via Spatially Constrained Spectral
	Clustering: Part {II}, Validity},
  booktitle = {Proceedings Organization for Human Brain Mapping 16th Annual Meeting},
  year = {2010},
  pages = {1063, MT-PM},
  address = {Barcelona},
  owner = {Richard Craddock},
  timestamp = {2010.06.23}
}

@INPROCEEDINGS{absCraddock2011a,
  author = {{\textbf{Craddock}},{\textbf{R. Cameron}} and Stephen M. LaConte},
  title = {Estimation of Resting State Network Activity Using Multivariate Prediction
	Analysis Regression {(MVPA-R)}},
  booktitle = {Proceedings 19th Scientific Meeting, International Society for Magnetic
	Resonance in Medicine, Montreal},
  year = {2011},
  note = {{\emph{1$^{st}$ Place Functional Imaging Poster Award}}},
  owner = {Richard Craddock},
  timestamp = {2009.05.27}
}

@INPROCEEDINGS{absCraddock2011b,
  author = {{\textbf{Craddock}},{\textbf{R. Cameron}} and Stephen M. LaConte
	and F. Xavier Castellanos and Xi-Nian Zuo and Paul Thompson and Greig
	de Zubicaray and Katie McMahon and Ian Hickie and Nicholas Martin
	and Margaret Wright and Michael Milham},
  title = {Genetics Influence Inter-subject Brain State Prediction},
  booktitle = {Proceedings Organization of Human Brain Mapping 17th Annual Meeting,
	Quebec City},
  year = {2011},
  pages = {462, F-PM},
  address = {Quebec City},
  owner = {Richard Craddock},
  timestamp = {2012.02.08}
}

@INPROCEEDINGS{absfranco2011,
  author = {Alexandre Franco and Jaemin Shin and Ki Sueng Choi and \textbf{Richard}
	\textbf{Craddock} and Helen Mayberg and Xiaoping Hu},
  title = {Increased Intra-Slice Functional Correlation: Problem and Solution},
  booktitle = {Proceedings Organization of Human Brain Mapping 17th Annual Meeting,
	Quebec City},
  year = {2011},
  pages = {640, M},
  owner = {Richard Craddock},
  timestamp = {2012.02.08}
}

@INPROCEEDINGS{absmilham2011,
  author = {Michael Milham and Maarten Mennes and David Gutman and Randy Buckner
	and \textbf{Cameron} \textbf{Craddock} and Daniel Margulies and Yufeng
	Zang and Bharat Biswal and J.K. Buitelaar and Vince Calhoun and Stan
	Colcombe and Eliza Congdon and Daniel Dickstein and Damien Fair and
	Matthew Hoptman and Maria de la Iglesia Vaya and George Andrew James
	and Rex Jung and Clare Kelly and David Kennedy and Kent Kiehl and
	Clint Kilts and Art Kramer and Stephen LaConte and Bennet Leventhal
	and Beatriz Luna and Larry Maayan and David Madden and Luis Mart\'i-Bonmat\'i
	and Andrew Mayer and Stewart Mostofsky and Joel Nigg and Kate Nooner
	and James Pekar and Russell Poldrack and Erika Proal and Julie Schweitzer
	and Katerina Velanova and Arno Villringer and Xi-Nian Zuo and F.
	Xavier Castellanos},
  title = {The International Neuroimaging Data-sharing Initiative {(INDI)} and
	the Functional Connectomes Project},
  booktitle = {Proceedings Organization of Human Brain Mapping 17th Annual Meeting,
	Quebec City},
  year = {2011},
  pages = {343, Th},
  owner = {Richard Craddock},
  timestamp = {2012.02.08}
}

@INPROCEEDINGS{absShah2011a,
  author = {Y. Shah and {\textbf{Craddock}},{\textbf{R. C.}} and S. M. LaConte
	and S. J. Peltier},
  title = {Functional connectivity: biophysical underpinnings and ramifications},
  booktitle = {Proceedings 19th Scientific Meeting, International Society for Magnetic
	Resonance in Medicine, Montreal},
  year = {2011},
  owner = {Richard Craddock},
  timestamp = {2009.05.27}
}

@INPROCEEDINGS{absCraddock2012a,
  author = {{\textbf{R. Cameron}} {\textbf{Craddock}} and
      Jonathan M. Lisinski and Pearl Chiu and Helen S. Mayberg and Stephen M. LaConte},
  title = {Real-time tracking and biofeedback of the default mode network.},
  booktitle = {Proceedings Organization of Human Brain Mapping 18th Annual Meeting,
	Beijing},
  year = {2012},
  pages = {648, MT},
  address = {Beijing},
  owner = {Richard Craddock},
  timestamp = {2012.02.08}
}

@INPROCEEDINGS{absCraddock2012b,
  author = {{\textbf{R. Cameron}} {\textbf{Craddock}} and Jonathan M. Lisinski 
        and Stephen LaConte },
  title = {Online denoising strategies for real-time tracking default mode network
        activity},
  booktitle = {Proceedings Third Biennial International Conference on Resting-State
	Functional Connectivity},
  year = {2012},
  address = {Magdeburg, Germany},
  owner = {Richard Craddock},
}

@INPROCEEDINGS{absLv2012,
  author = {Y. Lv and D. Margulies and {\textbf{R. Cameron}} {\textbf{Craddock}} and 
        X. Long and C. Rohr and B. Winter and M. Enders and K. Villringer and 
	J. Fiebach and A. Villringer},
  title = {Diagnosis of stroke with non-invasive resting-state fmri},
  booktitle = {Proceedings 41st annual meeting of the Society for Neuroscience,
	Washington DC},
  year = {2011},
  owner = {cameron},
  timestamp = {2012.03.14}
}

@comment{jabref-meta: selector_publisher:}

@comment{jabref-meta: selector_author:}

@comment{jabref-meta: selector_journal:}

@comment{jabref-meta: selector_keywords:}

