@inproceedings{absHoltzheimer2007,
    address = {New York},
    author = {Holtzheimer, Paul E. and Choi, KiSueng and Gutman, David A. and {\textbf{Craddock}}, {\textbf{R. Cameron}} and Mayberg, Helen S.},
    booktitle = {Seeking Biomarkers of Aging and Diseases of Aging, An American Federation
of Aging Research Conference},
    owner = {Richard Craddock},
    timestamp = {2008.10.14},
    title = {Investigating Neural Network Abnormalities in Late-Life Depression},
    year = {2007}
}

@conference{talkCraddock2010c,
    address = {Atlanta, GA},
    author = {{\textbf{R. Cameron}} {\textbf{Craddock}}},
    booktitle = {Brain Imaging Series Lecture, Center for Advanced Brain Imaging},
    owner = {cameron},
    timestamp = {2012.02.08},
    title = {Applications of MVPA to the analysis of resting state fMRI data:
Disease state prediction, brain state prediction, and real-time fMRI},
    year = {2010}
}


@conference{talkCraddock2010d,
    address = {New York, NY},
    author = {{\textbf{R. Cameron}} {\textbf{Craddock}}},
    booktitle = {New York University Child Study Center},
    owner = {cameron},
    timestamp = {2012.02.08},
    title = {Applying MVPA to fMRI},
    year = {2010}
}

@conference{talkCraddock2015USC,
    address = {Los Angeles, California},
    author = {{\textbf{R. Cameron}} {\textbf{Craddock}}},
    booktitle = {Neuroimaging and Informatics Institute Seminar, Fall 2015},
    owner = {Richard Craddock},
    title = {Open science resources for addressing `Big Data' challenges in psychiatric neuroimaging},
    year = {2015}
}

@conference{talkCraddock2016AACAP,
    address = {New York, New York},
    author = {{\textbf{R. Cameron}} {\textbf{Craddock}}},
    booktitle = {63rd Annual Meeting of the American Academy of Child \& Adolescent Psychiatry},
    note = {\textcolor{richgreen}{[\href{http://www.slideshare.net/CameronCraddock/using-realtime-fmri-based-neurofeedback-to-probe-default-network-regulation-71227319}{Slides}]}},
    owner = {Richard Craddock},
    title = {Advanced Neuroimaging Techniques for Assessing Brain Development},
    year = {2016}
}

@conference{talkCraddock2016UAB,
    address = {Birmingham, Alabama},
    author = {{\textbf{R. Cameron}} {\textbf{Craddock}}},
    booktitle = {2016 The University of Alabama at Birmingham Visual Brain Core Seminar Series},
    note = {\textcolor{richgreen}{[\href{http://www.slideshare.net/CameronCraddock/pcp-quality-assessment-protocol}{Slides}]}},
    owner = {Richard Craddock},
    title = {The {P}reprocessed {C}onnectomes {P}roject {Q}uality {A}ssessment {P}rotocol},
    year = {2016}
}

@conference{talkCraddock2016UIUC,
    address = {Chicago, Illinois},
    author = {{\textbf{R. Cameron}} {\textbf{Craddock}}},
    booktitle = {University of Illinois at Chicago Behavioral Neuroscience Seminar Series},
    owner = {{Richard Craddock}, Note={\textcolor{richgreen}{[\href{http://www.slideshare.net/CameronCraddock/using-realtime-fmri-based-neurofeedback-to-probe-default-network-regulation}{Slides}]}}},
    title = {Using RealTime fMRI Based Neurofeedback To Probe Default Network Regulation},
    year = {2016}
}

@conference{talkCraddock2017UMD,
    address = {Baltimore, Maryland},
    author = {{\textbf{R. Cameron}} {\textbf{Craddock}}},
    booktitle = {Maryland Neuroimaging Retreat - Pain Neuroimagng Advances and Controversies},
    owner = {Richard Craddock},
    title = {Tracking Network Dynamics in Real Time},
    year = {2017}
}

@conference{talkCraddock2018USC,
    address = {Los Angeles, California},
    author = {{\textbf{R. Cameron}} {\textbf{Craddock}}},
    booktitle = {The University of Southern California Stevens Neuroimagng and Informatics Institute},
    owner = {Richard Craddock},
    title = {Computational Neuroimaging Approaches to Studying the Human Connectome in Neuropsychiatric Disorders},
    year = {2018}
}

@conference{talkCraddock2019BrainInitiative,
    address = {Washington DC},
    author = {{\textbf{R. Cameron}} {\textbf{Craddock}}},
    booktitle = {Fifth Annual BRAIN Initiative Investigators Meeting},
    owner = {Richard Craddock},
    title = {{CPAC} {R24} Update},
    year = {2019}
}

